2894 4704
566 365 775 424 ...39-

116 545 197 603 infra
217 545 374 603 disserere.
410 546 472 603 Iam
493 549 681 604 transeamus
702 545 740 603 ad
760 546 888 621 reliqua.
919 549 1037 608 Morem
1059 550 1222 625 supplendi

117 649 340 706 substantivum
357 667 410 706 ex
446 649 644 708 antecedente
679 650 773 708 verbo
810 651 892 725 apud
929 652 1136 730 Thucydidem
1167 654 1224 713 fre·

116 751 345 824 quentissimum
376 758 496 810 secutus
527 770 592 811 esse
621 753 742 811 videtur
763 753 895 827 scriptor
925 754 993 812 loco
1025 755 1223 831 memorabili,

117 871 202 927 quem
225 856 312 913 multi
334 862 524 913 vexaverunt
543 856 731 931 interpretes.
779 855 911 931 Legitur
932 855 998 915 dat.
1022 861 1066 930 18,
1088 860 1119 916 2:
1151 858 1223 930 „sed

116 962 206 1014 antea
228 957 299 1015 item
319 958 516 1016 coniuravere
539 943 631 1034 ¹pauci
652 965 759 1016 contra
783 958 1028 1034 rempublicam,
1060 961 1091 1017 iu
1113 962 1223 1035 quibus
1299 932 1305 946 ’

118 1059 253 1117 Catilina
279 1059 350 1132 init3
381 1062 418 1119 de
443 1078 527 1135 qua,
559 1079 647 1136 quam
677 1061 833 1119 verissime
865 1068 984 1137 potero,
1014 1062 1139 1136 dieam“,
1171 1063 1223 1121 ubi

116 1162 283 1237 pronomen
316 1163 384 1236 Qua
419 1164 549 1222 refertur
584 1164 622 1222 ad
654 1165 878 1223 substantivum
908 1181 944 1222 ex
976 1166 1068 1224 verbo
1101 1165 1224 1240 „coniu-

116 1265 239 1324 'ruvere“
262 1267 473 1342 supplendum.

195 1368 294 1441 Quam
310 1374 492 1428 structuram
514 1371 619 1429 duram
646 1375 677 1429 et
697 1368 762 1428 sine
782 1369 920 1444 exemplo
943 1387 1007 1429 esse
1029 1377 1131 1430 omnes
1152 1388 1222 1431 eon·

81 1524 84 1530 ,
116 1474 253 1531 sentiunt
273 1473 463 1551 interpreter,
486 1466 681 1547 ueteranus,
704 1472 755 1548 qui
777 1491 856 1531 nune
877 1474 984 1532 scribit
1004 1474 1060 1549 „de
1081 1492 1141 1548 qua
1161 1477 1222 1551 re“,

115 1583 146 1634 et
166 1575 350 1651 Dietschius,
382 1595 562 1653 quamquam
582 1577 714 1635 omnium
740 1594 862 1635 snorum
882 1577 1019 1635 codicum
1040 1577 1222 1637 auctoritate

115 1681 334 1757 Diomedisque
355 1682 531 1740 testimonio
557 1682 679 1756 cogitur
699 1680 775 1738 illud
801 1681 899 1756 „qua“
919 1680 1060 1745 retinere.
1110 1680 1222 1757 Poppo

116 1785 207 1842 etiem
227 1784 285 1841 hoe
305 1784 430 1842 dicendt
449 1797 544 1860 genus
566 1803 603 1843 ex
619 1783 815 1860 Thucydideo
837 1803 893 1844 usu
914 1787 1050 1845 illustrat
1071 1786 1122 1844 sed
1144 1785 1222 1843 salso

116 1905 181 1944 mea
211 1886 330 1960 quidem
362 1889 513 1946 sententia
543 1889 648 1947 laudat
679 1905 723 1960 ea,
755 1905 830 1962 quae
861 1888 1001 1963 legentur
1022 1893 1048 1964 6,
1069 1891 1107 1947 80
1133 1905 1223 1962 quae·

117 2007 172 2064 que
201 1989 349 2048 Matthiae
379 1991 469 2048 etiam
500 1989 530 2047 in
563 1991 641 2049 libro
674 1991 926 2066 suogrammatico
954 1992 1042 2050 affert
1072 1990 1112 2067 (ᾖ.
1137 1989 1230 2065 4Ξλ5)ε4

115 2094 197 2152 ἄλλως
217 2114 245 2148 τε
266 2096 308 2147 καὶ
331 2094 377 2147 ἀπὸ
401 2093 589 2164 Πελοποννήσου
611 2096 778 2167 παρεσομένης
796 2095 925 2168 ὠφελείας,
948 2097 977 2149 οἳ
992 2095 1071 2149 τῶνδε
1097 2096 1223 2168 κρείσσους

116 2197 167 2251 εἰσί.
220 2195 282 2252 Ηίο
308 2197 387 2254 enim
418 2197 561 2254 facillime
592 2203 696 2270 potest
722 2198 858 2272 suppleri
882 2199 905 2252 ol
924 2197 1178 2271 lleloaovvpna‘vel
1198 2197 1221 2252 oi

118 2295 270 2372 ὠφελοῦντες
290 2316 387 2374 neque
407 2317 575 2374 pronomen
596 2299 635 2356 ad
656 2300 780 2357 verbum
802 2300 853 2358 sed
874 2301 913 2358 ad
934 2301 1157 2359 substantivum
1178 2319 1222 2360 re·

116 2403 212 2461 fertur
241 2402 353 2460 diversi
385 2387 499 2461 numeri
530 2409 561 2461 et
590 2403 720 2477 generis.
770 2403 879 2479 Neque
907 2402 1086 2462 Gerlaohius
1116 2404 1224 2462 debuit

116 2507 239 2565 laudare
271 2508 363 2565 verba
393 2506 571 2581 Euripidea,
606 2524 682 2581 quae
713 2511 835 2565 exstuat
869 2506 935 2582 lph.
968 2507 1040 2564 Aul.
1077 2510 1163 2565 1418:
1193 2509 1223 2562 τὸ

115 2610 247 2684 θεομαχεῖν
259 2612 303 2682 γὰρ
318 2607 457 2665 ἀπολιποῦσ’
475 2611 487 2663 ὃ
506 2608 592 2678 (θεῖον)
612 2628 656 2665 σου
670 2618 760 2684 κρατεῖ.
782 2642 816 2651 -
832 2609 1034 2668 Inveniuntur
1047 2610 1127 2668 enim
1141 2609 1222 2685 apud

117 2713 255 2770 Atticum
278 2712 457 2786 scriptorem
471 2711 549 2769 aliae
564 2729 676 2785 eaeque
692 2712 862 2769 simillimae
878 2715 1057 2784 structurae,
1077 2715 1113 2770 ut
1127 2716 1152 2786 l,
1167 2714 1220 2770 22:

112 2817 128 2888 ἢ
147 2817 235 2885 μέλλον
252 2836 292 2874 τες
310 2815 454 2885 πολεμήσειν
472 2817 488 2886 ἡ
507 2816 531 2868 ἐν
550 2815 640 2884 obirp‘
660 2814 686 2882 (i.
706 2829 729 2867 e.
748 2813 859 2884 πολέμῳ)
879 2817 926 2888 ἤδη
946 2813 1021 2874 ὄντες.
1104 2787 1111 2799 ·

195 2918 327 2977 Omnino
359 2925 439 2976 amat
459 2917 652 2975 substantiva
680 2917 737 2975 tali
759 2916 847 2974 modo
874 2918 1016 2993 supplere
1047 2935 1084 2975 cx
1114 2918 1224 2978 verbis,

118 3023 165 3079 lta
186 3041 222 3080 ex
242 3007 353 3095 εειχίζειν
374 3021 458 3081 elicit
478 3021 634 3079 notionem
654 3028 735 3092 τεῖχος
756 3019 796 3094 (1,
817 3021 863 3080 90.
897 3019 957 3094 91),
981 3037 1018 3078 ex
1037 3020 1135 3094 βοηθεῖν
1156 3022 1224 3079 sub·

117 3128 281 3185 stantivum
303 3125 404 3195 βοήθεια
425 3128 465 3200 (5,
487 3125 548 3199 47),
569 3143 606 3182 ex
629 3125 759 3199 φυλάσσειν
776 3125 869 3182 verbo
895 3126 940 3196 τὴν
963 3125 1075 3197 φυλακήν
1102 3126 1144 3201 (7,
1164 3122 1223 3198 28).

119 3230 202 3302 Quae
224 3225 250 3286 si
271 3229 521 3304 reputaverimus,
551 3228 610 3285 iam
637 3226 808 3302 apparebit,
839 3225 1018 3285 Sallustium
1040 3224 1224 3285 imitatorem

62 3355 65 3360 ’
117 3353 183 3391 cum
205 3334 235 3390 iu
258 3332 359 3391 multis
380 3332 448 3390 aliis
471 3348 613 3407 syneseos
634 3329 795 3405 generibus
821 3337 883 3388 tum
904 3331 935 3388 in
957 3347 1013 3387 usu
1033 3328 1225 3405 pronominis

118 3436 236 3494 relativi
259 3435 359 3493 Attici
382 3434 538 3510 scriptoris
566 3433 657 3492 etiam
679 3411 785 3491 nostro
809 3432 877 3491 loeo
899 3432 1074 3490 adhibuisse
1096 3439 1224 3490 structu·

119 3558 180 3598 run]
202 3540 285 3597 illam
306 3542 337 3596 et
357 3538 501 3596 brevitati
524 3541 555 3596 et
569 3537 734 3595 immortali
755 3535 913 3594 velocitati
935 3533 1092 3610 cogitdndi
1114 3535 1224 3593 utrius·

118 3660 175 3718 quc
190 3642 389 3719 aptissimam,
410 3641 514 3698 eadem
535 3641 654 3699 ratione
675 3645 766 3714 atque
781 3639 908 3697 alterum
929 3637 1112 3713 scripturum
1132 3636 1224 3696 fuisse

120 3746 184 3803 sine
205 3745 299 3803 dubio
322 3753 476 3819 putamus:
516 3743 658 3812 ξυνώμοσαν
671 3743 746 3815 ὀλίγοι
765 3743 864 3815 -περὶ
881 3739 912 3815 ἧς
923 3741 958 3777 -’
968 3742 1025 3814 ἐρῶ.
1072 3740 1222 3799 Brevitati

118 3864 210 3922 porro
232 3847 405 3920 nstriusque
427 3839 584 3921 proprium
605 3852 660 3920 est,
683 3845 822 3903 omittere
844 3861 933 3920 saepe
954 3861 1055 3902 casam
1077 3845 1224 3917 quendam

119 3950 171 4022 ita,
202 3955 236 4007 ut
255 3968 292 4007 ex
314 3950 375 4006 alio
407 3967 478 4007 casu
504 3949 690 4024 supplendus
717 3949 767 4022 sit,
799 3966 887 4023 quam
913 3945 1036 4022 ellipsin
1058 3945 1223 4005 Sallustius

120 4052 213 4110 multo
235 4053 425 4126 frequentius
440 4058 567 4127 usurpat
583 4069 671 4125 quam
690 4058 724 4110 ut
737 4032 814 4110 talia
828 4068 864 4108 ex
881 4048 1075 4124 neglegentia
1096 4049 1224 4123 quadam

118 4161 172 4213 aut
192 4155 321 4213 fortuito
344 4159 416 4214 nata
436 4171 501 4213 esse
523 4154 696 4213 existimare
717 4154 869 4231 possimus
891 4152 929 4212 cf.
948 4153 1016 4228 Ing.
1037 4153 1084 4225 54,
1107 4155 1138 4208 1:
1159 4149 1223 4208 uui·
