2894 4704
616 341 824 400 ,33-

165 520 346 578 variationis
374 521 554 579 coniunctae
583 538 649 579 eum
674 519 843 580 mutatione
869 521 1109 580 constructionis
1130 522 1281 598 permulta

166 623 248 698 apud
270 622 477 699 Thucydidem
502 625 641 700 exemplu
662 623 824 698 inveneris,
856 630 889 682 ut
916 629 943 699 6,
971 626 1016 684 35.
1049 629 1075 697 7,
1103 627 1148 684 13.
1178 628 1207 699 4,
1234 628 1281 684 87.

167 729 641 801 1ὥ1ω1ω1ω

157 875 162 882 .
243 829 289 886 Ut
309 829 346 886 de
374 829 609 904 pronominibus
634 829 741 903 dicam,
768 830 895 887 maxime
918 828 1084 888 Sallustius
1109 829 1281 888 variatione
1316 803 1322 817 ⁸

166 931 264 990 utitur
275 931 305 987 in
317 930 507 1007 pronominis
522 933 640 1006 „alius“
657 950 722 989 usu.
747 931 794 990 cf.
807 932 873 1007 lug.
891 934 976 1007 19,1.
996 931 1049 991 1111
1059 963 1097 975 -
1108 950 1180 1008 pars
1195 935 1239 1007 13,
1253 935 1280 1010 9,

172 1037 217 1108 19,
251 1037 278 1093 5.
314 1036 361 1108 21,
391 1037 418 1094 1.
449 1035 495 1108 38,
526 1037 552 1093 3.
587 1038 635 1108 40,
665 1038 692 1093 1.
730 1037 776 1108 83,
808 1037 833 1092 3.
870 1039 917 1109 89,
951 1040 981 1094 l:
1015 1036 1128 1110 partim
1159 1067 1195 1077 -
1226 1032 1280 1093 alii

166 1135 238 1194 hist.
269 1139 297 1211 2,
323 1141 372 1211 41,
404 1141 433 1195 1:
464 1137 526 1194 alia
558 1169 593 1178 -
628 1137 739 1212 partim
761 1137 829 1213 Ing.
860 1139 908 1212 96,
940 1140 967 1198 2.
999 1139 1103 1196 multis
1132 1169 1171 1180 -
1201 1136 1281 1197 aliis.

167 1238 234 1312 Ing.
257 1241 304 1314 65,
326 1243 344 1296 4
380 1238 479 1313 „alios
501 1271 536 1280 -
557 1239 751 1313 plerosque.“
783 1239 923 1298 Permira
937 1243 1018 1315 sunt,
1040 1258 1116 1315 quae
1137 1240 1282 1315 leguntur

168 1340 233 1414 Ing.
255 1345 302 1413 96,
323 1343 354 1398 2:
376 1343 462 1417 „ipse
483 1343 521 1400 ab
545 1342 629 1400 nullo
651 1350 797 1418 repetere,
818 1344 913 1418 magis
935 1344 966 1402 id
989 1331 1138 1418 laborare,
1159 1349 1195 1403 ut
1215 1344 1280 1403 illi

168 1445 400 1519 quamplurimi
428 1446 592 1504 deberent“
624 1447 676 1504 ubi
701 1465 758 1522 pro
791 1446 877 1519 „illi“
902 1464 1070 1521 pronomen
1102 1448 1202 1522 „ipsi“
1231 1464 1280 1504 ex-

168 1553 348 1624 spectamus.
401 1550 496 1623 Qucm
528 1568 613 1607 usum
635 1550 746 1625 Poppo
779 1548 819 1624 (1,
849 1554 873 1624 1,
900 1568 929 1624 p.
944 1549 1014 1623 373)
1047 1556 1078 1606 et
1100 1548 1280 1608 Gerlachius

168 1653 199 1710 in
215 1651 397 1712 Graecismis
419 1660 587 1727 numerant,
609 1654 770 1726 exquibus
792 1653 871 1713 alter
892 1652 1053 1710 contendit
1074 1652 1153 1726 „vim
1170 1649 1280 1710 Graeci

168 1757 359 1830 pronominis
384 1757 493 1817 1111611
514 1756 663 1815 Sallustio
685 1773 750 1814 esse
772 1758 975 1831 expressam.“
1024 1754 1083 1812 Sed
1105 1755 1281 1813 1111111111
1316 1810 1331 1838 ,

168 1858 307 1916 Kritaius
331 1860 454 1934 refellit,
483 1860 596 1917 docens
628 1877 719 1934 saepe
746 1858 828 1934 apud
849 1857 979 1915 Latinos
1006 1858 1071 1914 fieri
1098 1863 1132 1914 ut
1157 1875 1214 1933 pro
1237 1874 1281 1915 re-

170 1960 280 2019 flexivo
301 1962 482 2037 pronomine
496 1961 767 2019 demonstrativum
782 1970 927 2034 ponatur,
947 1976 1013 2016 cnm
1035 1958 1115 2017 haud
1136 1959 1281 2018 inusitata

171 2064 366 2138 neglegentia
387 2064 520 2138 scriptor
541 2064 573 2120 in
594 2063 717 2138 incepta
738 2062 927 2137 cogitatione
950 2079 1011 2119 non
1031 2069 1148 2137 pergat,
1171 2061 1222 2119 sed
1244 2079 1280 2118 ex

169 2167 243 2240 1111,
276 2184 363 2241 quem
387 2167 575 2241 cogitantem
601 2165 772 2237 induxerat,
804 2166 902 2222 mente
929 2162 959 2219 in
986 2180 1069 2221 suam
1096 2163 1192 2238 ipsius
1213 2180 1281 2238 per·

169 2287 274 2327 sonam
295 2275 440 2343 transeat,
467 2268 504 2328 ef.
526 2267 646 2344 Zumpt.
674 2268 699 2344 ξ.
721 2269 785 2325 550.
819 2299 855 2307 -
887 2266 1028 2324 Ceterum
1056 2266 1130 2324 satis
1152 2266 1280 2324 liberum

168 2371 227 2429 hoc
257 2390 353 2446 genus
383 2371 505 2429 dicendi
536 2375 592 2444 111,
623 2387 683 2444 quo
712 2370 833 2445 saepius
859 2367 1026 2427 Sallustius
1056 2369 1178 2427 videtur
1209 2386 1280 2426 usus

156 2493 242 2533 esse.
293 2475 424 2549 Legitur
449 2474 529 2532 enim
556 2473 627 2533 hist.
653 2476 680 2547 5,
705 2476 737 2532 9:
768 2472 937 2546 „Lucullus
964 2472 1128 2548 pecuniam·
1150 2471 1279 2544 Quintio

170 2577 265 2651 dedit,
280 2596 317 2636 ne
334 2577 395 2637 illi
411 2578 650 2636 succederetur.“
681 2575 767 2634 Haec
781 2577 884 2650 verba,
901 2593 977 2649 quae
991 2575 1073 2650 apud
1084 2575 1280 2634 scholiastam

173 2679 403 2739 Gronovianum
436 2680 474 2738 ad
511 2679 575 2739 cic.
609 2697 666 2754 pro
700 2680 767 2754 lege
802 2678 886 2738 Mau.
924 2681 970 2751 10,
1003 2681 1040 2736 28
1075 2678 1280 2751 inveniuntur,

172 2782 312 2842 Sallustii
333 2783 426 2841 fnisse
441 2782 619 2841 Dietschins
634 2782 768 2857 negavit,
789 2780 977 2839 contendens
998 2779 1177 2855 scriptorem
1199 2784 1280 2840 certe

171 2905 231 2944 non
253 2885 340 2961 „illi“
362 2885 544 2961 scripturum
566 2884 659 2942 fnisse
674 2884 737 2957 sed,
759 2887 793 2941 ut
813 2883 902 2941 latini
917 2884 1064 2942 sermonis
1079 2884 1162 2959 leges
1176 2891 1280 2960 postu·

171 2990 280 3064 111111,
306 2989 417 3064 „sibi“.
471 2987 533 3047 Sed
564 3007 630 3046 cnm
655 2987 746 3046 lectio
777 2986 880 3062 priore
906 2987 975 3044 loeo
1007 2986 1080 3046 satis
1102 2988 1219 3046 firmata
1239 2989 1281 3046 sit

171 3093 308 3150 codicum
329 3091 523 3167 auctoritate,
545 3092 648 3150 eadem
669 3090 794 3148 licentia
814 3090 906 3148 etiam
925 3088 975 3147 hic
996 3089 1173 3166 scriptorem
1194 3108 1280 3148 usum

172 3214 237 3254 esse
258 3196 323 3253 veri
344 3195 442 3253 simile
463 3203 518 3252 111.

249 3294 427 3357 Notandum
442 3305 489 3354 est
504 3296 595 3355 etiam
610 3314 722 3370 genera
736 3295 822 3354 verbi
837 3295 978 3372 Crispum
992 3297 1099 3357 mirum
1114 3296 1144 3354 in
1161 3295 1279 3354 modum

173 3402 300 3476 variare,
332 3417 391 3474 quo
413 3402 456 3472 fit,
489 3406 523 3458 ut
544 3400 635 3458 etiam
656 3399 793 3456 subiecta
823 3404 978 3460 mutentur
1001 3407 1036 3460 ut
1057 3400 1124 3459 (lat.
1150 3403 1197 3473 51,
1226 3402 1279 3458 40:

172 3504 407 3580 „circumvenire
430 3502 618 3577 innocentes,
639 3502 702 3563 alia
726 3504 850 3562 huiusce
875 3504 958 3562 modi
983 3504 1047 3561 fieri
1070 3520 1196 3578 coepere
1223 3502 1279 3579 (sic

173 3608 311 3685 plerique
332 3606 451 3665 codices
478 3612 509 3664 et
531 3605 664 3682 (lortius,
693 3624 872 3681 quamquam
896 3607 950 3667 alii
976 3607 1136 3666 lectionem
1160 3624 1280 3683 recepe·

173 3715 258 3772 rnnt:
278 3710 502 3786 circumveniri)
524 3712 591 3785 Iug.
612 3712 658 3785 97,
678 3715 713 3770 4:
734 3712 911 3787 prinsquam
925 3711 1076 3769 exercitus
1097 3713 1151 3769 aut
1170 3708 1280 3768 instrui

174 3821 227 3872 aut
247 3815 381 3889 sarcinas
403 3813 547 3888 colligere
578 3845 615 3856 -
646 3813 745 3888 quivit
767 3814 834 3875 (lat.
863 3817 909 3890 53,
939 3817 970 3873 3:
1002 3812 1153 3887 „sciebam
1177 3829 1280 3887 saepe·

175 3935 298 3977 numero
324 3916 485 3993 (populum
511 3915 614 3992 Rom.)
645 3950 682 3959 —
715 3916 919 3991 contendisse,
949 3933 1151 3992 cognoveram
1176 3912 1279 3989 parvis

174 4019 270 4095 copiis
291 4019 373 4079 bella
392 4024 480 4094 gesta
499 4049 537 4059 -
557 4018 596 4075 ad
617 4018 674 4076 hoc
699 4035 791 4094 saepe
810 4019 951 4077 fortunae
970 4017 1145 4076 violentiam
1168 4016 1280 4074 tolera·

174 4122 284 4182 visse.“
1001 4119 1006 4127 ’

1092 4231 1108 4281 3
