2894 4704
613 381 656 428 ÷
701 336 828 410 ar·-

248 534 296 591 Ex
316 530 597 608 praepositionibus
626 550 687 590 nou
708 549 777 590 raro
804 536 963 591 transeunt
989 531 1019 589 in
1045 551 1154 591 nomen
1176 534 1223 593 vel
1245 535 1276 593 in

167 637 244 694 alias
265 635 391 694 surmus:
1051 694 1054 701 .

169 741 236 815 Ing.
257 742 303 812 23,
326 743 356 797 l:
376 739 467 796 dolis
488 770 525 781 -
546 756 600 813 per
625 738 693 795 vim.
736 737 829 800 Thnc.
847 746 872 814 1,
887 743 937 800 39:
952 732 1275 811 canpto-pastona.

170 842 236 917 Ing.
258 846 285 916 7,
306 845 338 899 4:
358 841 464 900 labora
486 839 689 916 -'pnrendo.
736 839 830 898 Thac.
852 846 880 916 4,
901 847 952 902 86:
976 843 1016 898 διὰ
1038 845 1067 898 τὸ
1088 844 1161 899 sintin
1183 844 1225 896 καὶ
1242 870 1277 881 -

259 976 260 980 “
770 945 849 1015 φόβῳ·

167 1047 234 1123 Ing.
255 1052 282 1121 7·,
305 1052 334 1105 1:
355 1065 410 1123 per
432 1047 493 1106 vim
512 1079 547 1089 -
569 1045 706 1104 insidiae.
735 1044 831 1104 Thne.
846 1050 872 1121 1,
893 1049 945 1106 32:
965 1050 1001 1120 μὴ
1014 1050 1077 1118 μετὰ
1090 1047 1186 1110 κακίας,
1204 1045 1276 1118 δόξης

167 1152 233 1226 Ing.
255 1154 302 1223 22,
324 1153 355 1209 2:
377 1149 537 1207 obeavdem
554 1147 630 1206 artis
645 1165 708 1205 non
771 1149 798 1203 δὲ
815 1149 928 1223 ἁμαρτίᾳ.

177 1261 184 1271 ““
203 1247 340 1328 penuria.
706 1243 708 1248 ’

168 1354 235 1414 Cat.
258 1359 304 1431 56,
327 1361 357 1415 1:
386 1354 577 1414 voluntarius
598 1357 652 1410 ant
672 1369 708 1410 ex
737 1352 831 1414 Thnc.
853 1357 880 1429 3,
900 1359 952 1415 82:
971 1357 1034 1424 μιτὰ
1054 1384 1089 1395 -
1112 1357 1220 1430 ὠφελίας
1235 1367 1276 1394 ’-

206 1458 307 1515 sociis.
647 1507 650 1513 .
768 1456 900 1525 πλεονεξίᾳ.

168 1559 235 1635 Ing.
268 1563 316 1635 89,
349 1566 381 1621 8:
415 1560 533 1620 civibus
563 1561 707 1619 adversm
736 1553 831 1618 Thac.
852 1563 879 1632 7,
899 1562 952 1618 84:
975 1561 1022 1616 iai
1044 1566 1090 1632 τῆς
1111 1562 1277 1638 ταλαιπωρίας

206 1663 304 1721 samen
326 1696 364 1708 -
386 1681 447 1723 nou
467 1662 598 1721 libidini.
768 1665 811 1716 καὶ
828 1690 863 1701 -
880 1663 996 1732 ἐπιθυμίᾳ
1113 1664 1117 1671 '

167 1765 249 1826 Hist.
274 1771 299 1841 1,
320 1770 366 1842 48,
389 1771 441 1827 1οε
472 1784 534 1824 non
564 1783 621 1841 pro
653 1782 708 1823 sna
735 1764 830 1825 Thuc.
857 1768 884 1840 7,
910 1769 962 1826 70:
985 1767 1002 1839 ἡ
1024 1766 1115 1823 διὰτὸ
1138 1768 1276 1842 priverni

206 1875 260 1927 ant
280 1887 408 1944 quornm
428 1868 552 1928 simulat
570 1868 707 1944 imperio,
769 1865 832 1942 ἄλλῃ
850 1869 1005 1924 ἐπιπλέουσα.

205 1970 256 2030 sed
279 1971 432 2031 libertatis
457 1972 694 2031 subvortundae.

245 2075 355 2134 Omnia
375 2075 449 2134 haec
475 2075 610 2133 variatae
632 2074 781 2134 orationis
804 2075 952 2151 exempla,
979 2091 1107 2150 quornm
1131 2093 1273 2136 numerus

167 2178 256 2237 facile
276 2177 381 2253 augeri
402 2182 516 2253 potest,
538 2193 716 2252 quamquam
742 2177 775 2235 iu
796 2177 926 2253 singulis
947 2178 1048 2237 verbis
1069 2179 1184 2238 nnllam
1203 2197 1275 2255 pro·

168 2281 245 2339 dnnt
274 2279 511 2355 similitudinem,
546 2286 646 2338 tamen
677 2281 708 2338 in
734 2280 895 2338 structuris
930 2287 1118 2363 qnnutpperc
1148 2299 1276 2342 cousen-

166 2385 254 2458 tiant,
280 2383 378 2452 vides;
410 2383 513 2458 itaque
540 2383 572 2440 iu
601 2383 774 2442 universnm
805 2383 866 2442 dici
896 2401 988 2459 posse
1014 2402 1133 2461 censeo,
1165 2385 1191 2443 si
1212 2405 1274 2446 non

166 2487 312 2562 exemplis
342 2485 417 2563 ipsis
443 2491 476 2544 at
506 2490 606 2545 tumen
632 2486 803 2560 frequentia
832 2487 1040 2562 exemplorum
1069 2489 1276 2566 comprobari,

167 2598 312 2665 qnantum
332 2590 369 2649 ad
384 2590 444 2648 hoe
457 2607 554 2664 genus
568 2588 689 2648 dicendi
710 2588 899 2648 consuetudo
916 2588 1113 2666 Thucydiden
1127 2591 1276 2651 attulerit.

245 2793 386 2852 Sallustii
401 2794 582 2853 brevitatem
598 2794 686 2853 multi
707 2796 767 2854 iam
787 2803 922 2857 veterum
937 2796 1080 2855 laudibus
1102 2797 1279 2858 extulerunt

168 2897 272 2956 Senec.
296 2896 443 2956 Controv.
464 2901 502 2972 ·9,
534 2898 644 2973 11249,
676 2902 693 2958 9
719 2897 834 2975 (Burs)
867 2898 970 2958 Senee.
1001 2898 1060 2974 Ep.
1092 2900 1139 2972 19,
1170 2902 1196 2975 5,
1230 2905 1277 2961 17.

170 2999 300 3072 Quintil.
319 3005 347 3075 4,
362 3004 389 3074 2,
404 3003 451 3060 45.
479 3000 522 3075 10,
540 3005 566 3074 1,
588 3002 634 3058 32.
661 2999 781 3058 Gellius
796 3004 823 3077 3,
840 3005 865 3076 1,
881 3005 908 3061 6.
933 2999 1071 3061 Macrob.
1087 2999 1152 3060 Sat.
1167 3006 1194 3078 5,
1211 3008 1236 3078 l,
1251 3007 1278 3065 7.

167 3104 286 3162 Statius
307 3103 382 3162 Silv.
404 3107 431 3177 4,
453 3107 479 3162 7.
513 3102 619 3162 Sidon.
635 3103 742 3179 Apoll.
757 3102 871 3178 Paneg.
887 3103 985 3163 Anah.
1006 3107 1035 3178 2,
1059 3106 1122 3165 190.
1151 3105 1277 3180 Apulei.

165 3206 246 3282 apol.
269 3208 316 3266 95.
343 3239 379 3249 -
408 3206 469 3266 Sed
490 3208 548 3265 hoc
568 3205 732 3265 brevitatis
759 3205 892 3264 studium
912 3223 949 3264 ex
971 3205 1159 3282 Thucydidis
1181 3207 1278 3266 imita-

165 3305 249 3368 tione
270 3316 374 3367 natum
394 3327 468 3384 esse,
489 3315 523 3367 nt
537 3308 649 3384 Poppo
672 3308 793 3366 censuit
812 3308 852 3384 (1,
875 3313 901 3383 1,
923 3326 952 3384 p.
963 3309 1043 3384 375),
1069 3309 1107 3367 iis
1122 3310 1278 3386 exemplis,

166 3430 241 3487 qnae
272 3412 339 3487 ipse
369 3411 489 3486 attulit,
519 3412 611 3487 plane
651 3428 712 3469 nou
746 3410 972 3485 comprobatur.
1031 3410 1128 3470 Recte
1159 3411 1279 3486 quidem

165 3514 399 3589 demonstravit,
419 3514 601 3572 brevitatem
615 3513 694 3571 hanc
715 3530 805 3588 saepe
820 3511 897 3571 male
912 3512 1097 3573 intellectam
1117 3531 1192 3589 esse,
1213 3533 1278 3573 enm

169 3618 302 3694 scriptor
334 3634 431 3691 nequa
470 3618 687 3676 verbositatem
728 3616 847 3692 ingeret
885 3633 983 3691 neque
1017 3615 1140 3694 ellipses
1180 3617 1278 3696 (cuius

167 3722 280 3795 figurae
304 3719 450 3796 exemplis
473 3719 598 3779 (lortius
630 3720 704 3778 olim
730 3720 840 3779 multas
867 3718 996 3796 paginas
1020 3721 1169 3797 implevit)
1201 3723 1277 3781 alins

166 3823 347 3898 admitteret,
376 3839 464 3896 qnam
490 3840 566 3897 qnae
591 3823 674 3898 apud
700 3823 850 3899 plurimos
878 3823 1048 3899 scriptores
1074 3824 1277 3901 reperiuntur.

168 3926 252 3999 Quae
279 3925 389 3985 deinde
413 3931 513 3984 antem
543 3925 632 3985 nitent
651 3926 690 3984 ad
720 3926 954 3985 confirmandam
983 3927 1164 3988 seutentiam
1185 3945 1277 4003 suam,

166 4021 255 4086 facilc
281 4028 408 4087 refutari
429 4031 569 4103 possunt.
607 4027 694 4086 Dicit
714 4029 805 4088 enim:
829 4030 999 4104 quaerenda
1019 4031 1115 4107 igitur
1135 4031 1190 4088 illa
1211 4029 1278 4090 Sal·

166 4129 252 4190 lnstii
267 4132 402 4190 brevitas
417 4131 528 4206 partim
544 4131 575 4189 in
591 4131 751 4190 sententiis
765 4134 903 4192 nervosis
917 4134 1086 4210 vigoreque
1100 4131 1275 4193 excelleuti-
