2894 4704
619 375 829 434 ..20-

166 576 231 617 esse
253 561 358 617 censet
378 556 559 616 Gerlachius
585 555 780 633 participium
808 556 958 630 quoddam
984 561 1019 616 ut
1039 560 1203 632 ,‚paratae“
1227 560 1278 618 uel

162 662 345 736 „structae“,
375 660 597 719 Ramshornius
630 660 661 717 in
693 665 758 719 arte
787 660 982 734 grammatica
1009 661 1034 736 ᾖ.
1058 666 1112 720 116
1140 663 1179 719 Α.
1201 662 1226 737 Ι,
1261 667 1276 720 1

161 783 191 839 p.
221 767 276 822 198
301 764 499 839 participium
523 763 610 821 verbi
637 763 713 821 Esse
746 761 809 820 sive
838 760 987 821 Graecum
1013 761 1057 824 oia,
1083 767 1118 822 ut
1144 764 1277 822 Liuiano

162 867 231 924 loco
247 869 273 941 3,
295 870 341 940 37,
362 870 394 926 5:
416 867 633 940 „tribuniciam
647 867 842 941 potestatem,
863 867 1081 925 munimentum
1097 866 1278 937 libertati,

163 970 371 1044 repararent“.
407 969 475 1041 Quo
498 969 619 1042 quidem
641 968 709 1026 loco
731 965 854 1024 Kritzio
875 968 1102 1026 assentiendum
1122 973 1177 1042 est,
1199 969 1278 1027 nihil

164 1071 320 1147 impedire,
353 1072 514 1145 quominus
541 1072 633 1128 etiam
659 1071 876 1146 „repararent“
903 1070 941 1127 ad
973 1070 1159 1146 interposita
1185 1073 1279 1129 verba

167 1173 281 1234 trahas.
324 1174 414 1247 Quod
435 1180 535 1232 autem
557 1174 635 1231 idem
656 1173 705 1231 vir
724 1173 917 1232 doctissimus
939 1174 1108 1248 contendit,
1133 1175 1225 1233 etiam
1246 1175 1278 1231 iu

162 1278 290 1335 vocibus
318 1275 470 1352 „insidiae
498 1276 617 1334 consuli
644 1276 872 1352 procedebant“
902 1274 1048 1350 „insidias
1076 1278 1195 1335 consuli
1217 1295 1277 1334 ma·

164 1381 287 1438 turent“
308 1379 443 1438 dativum
465 1379 597 1455 pendere
624 1397 660 1437 ex
683 1379 776 1437 verbo
804 1396 870 1437 cum
891 1379 1084 1437 substantivo
1112 1379 1277 1436 coniuncto

164 1483 271 1539 mirum
292 1488 347 1540 est.
386 1481 466 1541 Nam
488 1482 642 1556 quomodo
663 1482 796 1557 scriptor
810 1481 910 1538 dicere
929 1482 1042 1556 potuit,
1063 1481 1192 1539 insidias
1207 1499 1278 1557 pro·

165 1584 270 1643 cedere
291 1587 329 1659 ei,
350 1585 435 1642 cuius
456 1585 488 1642 in
509 1583 675 1659 perniciem
695 1583 890 1663 pararenturl
932 1584 1033 1656 Quare
1054 1585 1113 1643 hoc
1134 1585 1203 1643 loco
1225 1585 1279 1643 da·

166 1688 262 1745 tivum
283 1705 349 1744 cum
370 1686 564 1745 substantivo
584 1690 704 1746 tantum
724 1686 969 1760 coniungendam
991 1705 1054 1746 csse
1074 1689 1278 1747 luculentissi-

169 1807 248 1845 mum
268 1796 315 1846 est
336 1787 473 1862 idemque
495 1789 689 1847 statuendum
715 1805 780 1845 esse
802 1787 923 1846 videtur
951 1789 981 1846 in
1007 1790 1044 1846 iis
1065 1791 1176 1866 verbis,
1203 1809 1279 1865 quae

166 1891 261 1964 paulo
284 1891 365 1949 infra
386 1896 556 1964 sequuntur
575 1889 723 1963 „insidias
745 1892 864 1949 consuli
885 1891 1066 1949 maturent“.

240 1992 349 2067 Neque
380 1994 478 2052 solum
508 1993 701 2051 substantiva
731 1993 784 2050 sed
815 1993 906 2051 etiam
933 1993 1085 2051 adieetiva
1112 1994 1280 2052 substanti-

165 2114 271 2154 vorum
298 2097 363 2154 vice
392 2095 551 2171 iungentia
578 2113 645 2154 cum
670 2096 775 2154 dativo
803 2097 965 2171 coniungit
992 2095 1167 2171 Sallustius,
1197 2096 1279 2171 quod

168 2217 230 2258 non
251 2200 350 2257 minus
371 2217 408 2257 ex
423 2197 550 2258 Graecis
568 2200 716 2258 transisse
729 2200 859 2272 ridetur,
880 2203 915 2258 ut
928 2199 995 2273 Ing.
1016 2202 1063 2272 89,
1084 2199 1116 2257 5:
1139 2203 1280 2273 „practer

169 2303 285 2379 oppido
300 2302 494 2377 propinqua“
510 2302 561 2375 (cf.
578 2302 785 2377 Thucydidem
799 2306 826 2375 6,
847 2305 878 2360 2:
900 2301 986 2376 ὅμοροι
1003 2309 1053 2360 τοῖς
1073 2299 1184 2361 Σικανοῖς
1197 2304 1220 2367 1,
1235 2302 1278 2354 151

163 2407 224 2478 πρὸς
241 2405 346 2478 ὁμόρους
357 2406 409 2463 τοὶς
421 2407 553 2477 σφετέρους
565 2405 719 2478 ἑκάστοις)
734 2405 759 2463 Ι.
774 2407 821 2477 40,
836 2406 866 2462 2:
887 2403 977 2478 „huic
991 2403 1147 2478 rogationi
1161 2402 1278 2478 partim

165 2509 279 2566 conscii
307 2506 384 2565 sibi
410 2539 446 2550 -
473 2508 690 2582 impedimenta
715 2507 895 2581 parabant“.
940 2508 990 2565 Ad
1018 2506 1279 2564 constructionem

165 2610 255 2667 huius
281 2609 424 2668 adiectivi
452 2609 587 2684 pertinet
612 2609 696 2667 loeus
724 2606 790 2666 Oet.
817 2610 863 2681 21,
889 2612 921 2667 2;
953 2609 1073 2683 „alius
1100 2609 1173 2668 alii
1197 2609 1278 2667 tanti

165 2713 311 2771 facinoris
337 2712 473 2771 conscii‘
499 2713 551 2771 ubi
577 2711 716 2768 Kritzius
742 2711 886 2769 adnotat:
918 2712 1078 2786 ‚,Dativus,
1112 2728 1172 2785 quo
1200 2712 1277 2769 sccii

166 2816 370 2875 conscientiae
385 2834 447 2873 non
462 2833 510 2873 res
526 2832 600 2889 quas
612 2814 803 2872 conscientia
817 2814 1030 2889 complectitur
1045 2814 1276 2888 intelleguntur,

169 2919 250 2976 haud
270 2919 363 2977 dubie
384 2918 422 2976 ad
444 2916 610 2976 Graecae
634 2916 866 2975 consuetudinis
892 2916 1062 2992 exemplum
1088 2915 1277 2975 revocandus

167 3026 223 3092 est,
242 3020 359 3094 puriter
380 3023 415 3078 ut
434 3019 519 3078 Idem
545 3035 611 3076 cum
631 3017 737 3076 dativo
764 3019 988 3079 coniunctum“.
1030 3019 1078 3075 lix
1100 3019 1277 3094 Thucydide

166 3123 336 3196 comparari
357 3126 463 3196 potest
483 3120 653 3195 exemplum
673 3122 714 3196 (6,
735 3123 800 3197 57);
818 3143 872 3178 τινα
889 3131 939 3177 τῶν
958 3121 1119 3189 ξυνωμοτῶν
1138 3139 1230 3194 σφισι.
1242 3149 1277 3159 -

245 3224 345 3283 Multa
376 3231 447 3283 sunt
477 3225 509 3281 in
531 3223 711 3282 Genetiri
742 3243 798 3283 usu
826 3225 1026 3299 sallustiano,
1057 3229 1206 3298 quatenus
1237 3224 1276 3281 ad

166 3331 300 3386 nostram
323 3328 531 3400 quaestionem
550 3325 694 3403 pertinet,
717 3345 793 3403 quae
813 3329 908 3403 digna
929 3335 1001 3386 sunt
1020 3333 1195 3386 memoratu.
1229 3327 1277 3383 Ac

165 3431 295 3504 primum
316 3430 436 3503 quidem
456 3429 616 3490 dicendum
636 3435 684 3490 est
697 3432 733 3490 de
748 3433 902 3507 genetivo,
925 3432 977 3505 qui
992 3430 1109 3504 regitur
1123 3449 1141 3488 a
1156 3429 1274 3487 neutris
1293 3472 1305 3498 ,ρ

168 3530 397 3591 adiectivorum.
438 3531 510 3591 Huc
529 3533 686 3608 pertinent
699 3534 847 3609 exempla,
868 3551 943 3607 quae
965 3535 1088 3592 exstant
1100 3531 1167 3606 Iug.
1181 3534 1228 3604 48,
1243 3533 1278 3589 3;

166 3636 257 3694 humi
279 3635 366 3692 arido
393 3638 483 3708 atque
509 3652 639 3693 arenoso
667 3634 758 3710 (quae
785 3636 876 3695 lectio
898 3636 1051 3694 Prisciani
1077 3640 1107 3693 et
1127 3633 1281 3691 Arusiani,

167 3735 353 3794 testimoniis
374 3736 449 3792 satis
470 3727 658 3810 defenditur)
679 3737 747 3812 Iug.
769 3741 815 3810 21,
836 3741 867 3795 2ο
889 3737 968 3795 diei
990 3743 1155 3796 extremum
1175 3738 1222 3809 90,
1245 3738 1278 3792 1:

166 3839 319 3898 aestatis
341 3844 507 3896 extremum
527 3840 573 3909 37,
595 3843 626 3898 4:
647 3840 679 3897 in
700 3837 860 3915 praerupti
881 3840 1004 3898 montis
1026 3846 1159 3897 extremo
1174 3840 1221 3911 21,
1242 3839 1279 3896 2:

166 3943 344 4017 plerumque
370 3940 470 3999 noctis
491 3943 537 4014 93,
558 3942 590 4000 2;
616 3942 654 3999 ad
682 3959 826 4000 summurn
854 3943 967 4000 montis
994 3941 1066 4000 hist.
1086 3943 1114 4014 2,
1136 3944 1187 4000 773
1216 3939 1278 3998 diei

167 4046 266 4105 medio
288 4044 442 4120 (Thucydr
463 4045 487 4098 tv
505 4045 574 4114 μέσῳ
591 4048 636 4114 τῆς
654 4046 758 4120 ἡμέρας)
777 4050 840 4123 102,
862 4052 897 4108 9ο
917 4049 1063 4123 pleraque
1079 4046 1279 4108 humanarum

166 4167 265 4209 rerum
290 4148 362 4208 hist.
388 4151 487 4220 2,18;
512 4149 599 4209 laeva
627 4150 780 4209 moenium
800 4151 1004 4226 (Dietschiusz
1032 4149 1118 4207 laeva
1145 4147 1279 4221 moenia)
