2894 4704
606 380 658 398 -,
694 342 737 408 14·
777 377 815 390 -
892 323 899 333 ”

241 530 443 594 Luculentius
469 528 645 593 reflexivum
672 549 793 592 sensum
821 531 1032 590 demonstrant
1049 522 1216 602 '„vontere‘f
1246 528 1278 585 et

164 622 393 715 „convortere“,
414 641 449 696 ut
470 635 537 696 (lat.
558 639 585 710 6,
607 639 639 695 7:
665 635 803 710 „regium
823 632 982 709 imperium
997 665 1033 674 -
1049 631 1081 688 in
1103 630 1277 705 superbiam

164 739 461 814 dominationemque
487 738 710 799 convortit“
737 739 789 796 ubi
819 737 911 797 lectio
939 734 1131 811 „convortit“
1159 751 1277 792 acom-

164 843 305 918 pluribus
326 843 358 900 in
379 843 505 901 dubium
519 845 628 901 vocatu
649 847 704 917 est,
726 842 778 901 sed
800 840 921 899 videtur
942 839 1132 898 conformato
1153 834 1222 896 esse
1238 835 1277 894 ad

163 946 257 1004 verbu
272 945 469 1020 Thucydides
489 948 522 1019 3,,
537 931 588 1005 39:
609 945 683 1000 εἴωθε
701 946 727 1000 δὲ
744 952 796 999 τῶν
807 945 918 1022 ¹culleus,
937 942 974 1003 αῖς
989 939 1055 996 ἂν·
1072 939 1190 1015 εὐπραξία
1207 941 1277 1014 ἔλθῃ,

165 1050 208 1110 εἰς
226 1034 474 1124 ὕβριν-ἐρέττειν,
499 1065 576 1122 quae
597 1046 772 1108 Scholiasta
792 1052 823 1105 et
841 1046 1052 1106 Blomfieldius
1075 1045 1148 1121 (vid.
1170 1045 1277 1104 adnot

165 1150 294 1228 Dukeri)
326 1150 557 1227 explicaverunt
587 1151 759 1228 supplendo
789 1151 972 1225 pronomine
1003 1151 1091 1209 ἑαυτὰς
1115 1149 1154 1208 ad
1173 1134 1278 1223 sperem,

132 1328 137 1336 Ι
166 1272 345 1329 quamquam
365 1255 454 1314 aliter
479 1254 627 1331 explicari
653 1259 793 1328 possunt.
839 1253 951 1312 Totum
979 1259 1080 1312 autem
1106 1253 1165 1311 hoc
1185 1257 1281 1327 caput

167 1356 250 1429 (Cat.
280 1358 311 1432 6)
341 1358 486 1416 refertum
515 1375 579 1416 osse
607 1355 790 1418 Graecismis
822 1360 854 1415 et
883 1357 1044 1418 sententiis
1070 1354 1277 1431 Thucydideis

167 1460 227 1519 iam
248 1460 301 1518 dio
321 1460 380 1518 viri
401 1460 486 1519 docti
505 1467 727 1537 perspexerunt
752 1460 789 1521 cf.
809 1460 836 1536 ᾗ.
857 1462 875 1519 3
901 1460 1012 1533 „sicuti
1033 1460 1180 1535 pleraque
1201 1475 1279 1517 mor-

68 1597 72 1601 ·
166 1563 459 1622 11111111111181161811(ι
481 1564 526 1639 (=
534 1564 574 1624 ὡς’
586 1565 637 1638 ἔχει
654 1566 686 1619 τὰ
703 1565 804 1618 πλεῖστα
821 1571 872 1618 τῶν
890 1561 1008 1635 θνητῶν),
1030 1564 1057 1640 §.
1072 1565 1089 1623 5
1104 1562 1281 1638 „magisque

168 1666 278 1725 dandis
330 1684 419 1741 quam
470 1666 657 1744 accipiundis
709 1667 864 1727 beneficiis
915 1667 1064 1726 amicitias
1109 1664 1281 1740 parabant“

154 1772 213 1842 “(=
237 1770 331 1830 Thuc.
352 1773 427 1843 24οει
445 1771 474 1825 ob
486 1772 531 1843 γὰρ
551 1773 688 1844 πάσχοντες
701 1771 736 1833 εὖ,
755 1771 817 1848 ἀλλᾷ
835 1770 941 1843 δρῶντες
959 1769 1078 1838 κτώμεθα
1095 1769 1154 1826 τοὺς
1172 1766 1272 1841 φίλους)

170 1871 271 1945 Quare
294 1891 365 1932 usus
388 1873 472 1932 verbi
499 1873 719 1948 „convortere“
739 1872 902 1944 reflenivus
922 1872 1054 1932 fortasse
1080 1889 1118 1930 ex
1137 1870 1194 1929 hac
1214 1869 1278 1928 imi·

169 1975 289 2034 tutione
336 1976 536 2053 explicandus
582 1981 637 2034 est.
707 1975 839 2050 Legitur
884 1980 1043 2051 praeterea
1091 1973 1283 2033 Convertere

168 2078 235 2154 Iug.
248 2079 297 2154 20,
311 2083 338 2139 4.
359 2081 422 2154 101,
440 2084 457 2139 8
472 2079 577 2154 fragm.
597 2078 655 2139 ino.
672 2081 699 2138 8.
714 2078 862 2137 Vertere:
885 2078 952 2137 Oet.
970 2081 1016 2155 32,
1028 2081 1075 2138 27.
1099 2079 1166 2153 Ing.
1187 2078 1287 2152 85‚.9.

250 2181 339 2254 Quod
360 2187 460 2242 autem
481 2182 571 2242 etiarn
592 2182 673 2258 apud
695 2181 774 2242 alios
795 2181 971 2258 scriptores,
992 2185 1026 2241 nt
1039 2181 1173 2257 Livium,
1195 2180 1283 2238 Taci-

171 2289 243 2356 tum,
264 2285 322 2343 hoo
336 2286 461 2344 verbum
481 2285 525 2344 ita
539 2292 717 2361 usurpatum
736 2284 900 2359 invenitur,
922 2302 984 2342 non
1005 2282 1123 2343 refellit
1137 2281 1284 2342 Graecam

171 2385 321 2461 originem
341 2386 429 2445 huius
445 2391 626 2459 structurae,
650 2387 740 2446 immo
757 2385 922 2447 Sallustius
944 2387 1047 2446 sinon
1069 2387 1100 2444 in
1115 2404 1284 2446 sermonem

171 2488 342 2564 pedestrem
368 2488 575 2548 introduxisse
601 2488 681 2547 huuc
705 2507 792 2549 usum
820 2497 851 2549 at
879 2487 978 2551 tamen
1001 2490 1117 2567 primus
1144 2490 1284 2564 frequen·

172 2595 253 2650 tasse
274 2591 405 2669 videtur,
432 2597 589 2658 comante
610 2609 677 2651 eum
697 2593 794 2669 magis
814 2599 975 2669 poctarum
995 2593 1141 2671 proprius
1162 2593 1264 2652 fuerit.

249 2693 297 2753 De
322 2694 467 2754 reflexivo
494 2695 581 2755 verbi
613 2695 735 2756 Mutare
766 2713 823 2753 usu
853 2696 935 2772 apud
961 2695 1143 2756 Sallustium
1174 2712 1286 2772 magna

175 2803 221 2856 est
248 2798 399 2857 editorum
425 2799 587 2861 dissensio.
636 2799 814 2875 Legebetur
840 2800 908 2874 Ing.
934 2801 971 2858 38
997 2799 1067 2858 inde
1093 2798 1241 2859 adonio
1266 2816 1298 2869 u⁴

173 2900 344 2975 plerisque:
374 2902 447 2977 „qui
469 2902 576 2962 mortis
597 2907 677 2962 metu
699 2904 922 2978 mutabant“,
952 2904 1006 2961 ubi
1030 2906 1117 2962 tanta
1137 2903 1286 2962 librorum

174 3002 324 3061 dissensio
339 3006 395 3076 est,
407 3007 441 3063 ut
452 3004 503 3063 vix
520 3021 648 3078 usquam
662 3004 792 3064 maiores
807 3005 912 3062 turbas
926 3005 1075 3064 dederint.
1104 3005 1286 3081 Lectionum

175 3106 372 3180 „mutabant“
404 3089 598 3182 sagacissime
622 3107 763 3166 Kritzius
787 3107 858 3183 (Ed.
889 3108 918 3183 I)
950 3108 1096 3183 defendit,
1127 3126 1194 3169 curn
1227 3126 1286 3182 qua

175 3215 331 3287 comparat
364 3207 542 3269 Veohnerus
582 3228 686 3269 vocem
718 3210 946 3287 Thucydideum
986 3215 1034 3288 (2,
1068 3213 1135 3289 61):
1173 3213 1242 3282 ὑμεῖς
1259 3212 1287 3265 δὲ

175 3314 349 3382 pereffudistis?

255 3415 396 3476 Ceterum
420 3414 510 3475 huius
539 3435 611 3477 usus
640 3419 779 3494 exempla
810 3419 1008 3479 inveniuntur
1037 3419 1118 3495 apud
1151 3416 1287 3493 quemvis

177 3519 270 3579 aliurn
297 3520 477 3596 scriptorem
497 3519 654 3595 Latinum,
680 3539 780 3579 rarum
805 3527 906 3580 autem
931 3540 998 3581 eum
1024 3539 1089 3581 esse
1115 3521 1198 3597 apud
1223 3537 1286 3595 eos,

179 3622 230 3696 qui
244 3628 314 3680 ante
330 3621 508 3682 Sallustium
522 3621 722 3697 scripserunt,
744 3641 779 3682 ea
793 3625 1005 3700 comprobant,
1021 3642 1097 3699 quac
1109 3624 1288 3683 Veohnerus

180 3730 211 3782 et
230 3724 372 3784 Kritzius
393 3722 573 3785 attuleruut.

255 3828 355 3888 Porro
377 3827 523 3886 hocloco
546 3828 763 3889 nominandum
784 3837 830 3890 est
844 3832 969 3891 verbum
984 3832 1177 3908 Temperare,
1206 3829 1288 3905 quod

179 3929 292 4008 legitur
309 3931 377 4006 Ing.
397 3931 444 4005 85,
465 3934 498 3990 9:
519 3929 602 4006 „illis
617 3931 741 3992 difficile
757 3941 812 4010 cst,
834 3934 866 3991 in
880 3936 1086 4010 potestatibus
1101 3932 1290 4010 temperare“

180 4035 217 4092 cf.
247 4033 313 4094 cat.
336 4038 381 4111 11,
402 4038 429 4111 8,
462 4035 516 4093 ubi
540 4035 678 4094 Kritzius
704 4036 872 4113 admonuit,
902 4039 1070 4114 „victoriae
1100 4035 1290 4112 temperare

180 4138 264 4199 dicto
283 4155 348 4198 esse
370 4156 427 4214 pro
448 4137 528 4215 „sibi
549 4143 716 4213 temperare
737 4139 768 4198 in
789 4140 949 4200 victoria“.
1003 4205 1004 4208 Ἴ
1081 4194 1082 4197 ,
