2894 4704
691 376 883 437 ..4-

235 556 371 617 tionibus
397 557 486 634 dixit,
517 576 670 635 perpauca
702 565 802 619 autem
825 557 1072 627 Mollmannus.²)
1122 557 1231 635 Neque
1256 560 1347 636 plura

233 659 319 720 dedit
332 660 492 720 Delturius
509 661 541 719 in
556 661 647 737 libro,
670 679 729 736 quo
746 659 927 721 Sallustium
943 660 1071 721 Catonis
1087 662 1237 721 aemulum
1251 661 1345 721 fuisse

234 763 481 842 Thucydidisque
508 764 710 825 imitationem
741 783 866 842 parvam
893 765 941 824 rel
968 764 1081 825 nullam
1107 783 1173 824 esse
1205 783 1342 842 compro-

233 852 306 927 bare
328 866 453 927 studuit.
486 867 620 943 Reliqua
642 873 713 929 sunt
733 869 846 928 iudicia
860 886 916 945 per
936 869 1170 928 commentarios
1192 868 1344 927 editorum

235 988 351 1048 sparsa,
366 969 531 1046 Gerlaahii,
546 971 707 1048 Herzogii,
728 971 868 1048 inprimis
883 970 1054 1030 doctissimi
1075 970 1198 1031 Kritaii.
1230 969 1342 1029 Omnes

233 1079 334 1132 autem
364 1073 396 1130 hi
425 1072 484 1132 riri
515 1073 622 1132 mirum
653 1080 700 1133 est
726 1080 914 1150 quantopere
940 1073 1125 1133 dissentiant
1153 1074 1210 1132 hac
1241 1073 1273 1130 in
1304 1059 1368 1132 res
1403 1069 1407 1074 ’

233 1175 382 1252 Popponi
402 1177 482 1235 enim
505 1177 530 1235 si
550 1177 709 1253 credimus,
735 1178 787 1236 vix
809 1163 986 1253 quemquam
1006 1178 1134 1254 propius
1156 1178 1195 1236 ad
1211 1176 1345 1236 Graecos

234 1298 265 1339 se
286 1280 470 1356 applicuisse
497 1298 586 1355 quam
607 1279 786 1341 Sallustium
813 1280 982 1358 putandum
1006 1285 1060 1341 est.
1115 1279 1252 1353 Quocum
1273 1297 1344 1338 con·

234 1382 329 1441 sentit
340 1381 530 1458 Gerlachius,
546 1384 607 1460 qui,
623 1384 741 1444 etiamsi
756 1390 859 1444 monet
871 1384 943 1461 (ΙΙΙ,
958 1404 988 1462 p.
1001 1385 1070 1460 332)
1084 1402 1121 1442 ue
1137 1383 1344 1459 „imitatorum

234 1504 321 1546 servo
347 1487 452 1563 pecori
481 1487 623 1548 Sallustii
655 1506 763 1547 nomen
790 1487 1027 1564 adscribamus“,
1057 1488 1089 1546 in
1120 1487 1345 1547 commentariis

232 1590 295 1648 suis
316 1589 448 1665 plurima
468 1609 505 1650 ex
527 1590 646 1651 Graeco
669 1591 754 1650 toute
775 1590 900 1651 fluxisse
922 1591 1120 1652 demonstrat.

314 1693 477 1753 Contraria
507 1699 554 1753 est
580 1694 717 1754 Delturii
748 1695 901 1754 sententia
934 1694 1036 1754 omnia
1078 1694 1117 1756 ad
1148 1694 1344 1770 antiquorum

232 1796 433 1858 imitationem
454 1798 622 1858 referentis.
672 1797 807 1857 Mediam
835 1798 985 1873 quandam
1012 1798 1091 1857 viam
1113 1797 1288 1858 Schultaius
1313 1805 1344 1858 et

231 1900 451 1962 Bruennertius
472 1906 645 1977 tenuerunt,
677 1901 729 1977 qui
756 1901 860 1977 multa,
892 1920 967 1977 quae
988 1901 1147 1963 Delturius
1174 1902 1342 1977 contendit,

232 2005 272 2063 ad
292 2011 406 2065 rectum
427 2004 547 2065 modum
568 2011 758 2065 revocarunt.
808 2004 911 2066 Multa
934 2003 1030 2082 igitur
1058 2023 1122 2064 esse
1151 2005 1183 2063 iu
1204 2005 1341 2064 orations

233 2106 423 2167 Sallustiana
443 2127 506 2167 non
526 2107 633 2167 mirum
654 2113 710 2184 est,
735 2126 811 2184 quae
833 2114 936 2169 utrum
956 2127 993 2168 ex
1009 2107 1195 2169 Graecorum
1215 2126 1271 2167 usu
1291 2126 1342 2184 pe·

233 2211 292 2270 tita
313 2209 375 2270 sint
395 2228 499 2285 necne,
522 2211 610 2271 ualde
632 2210 820 2270 dissentiunt
840 2211 900 2270 viri
920 2212 1013 2271 docti.
1061 2212 1180 2286 Quibus
1201 2212 1233 2270 iu
1253 2211 1343 2270 rebus

233 2313 438 2373 diiudicandis
459 2314 486 2372 si
508 2315 630 2389 quando
652 2315 823 2390 erraverim,
843 2315 963 2374 reniam
983 2320 1066 2390 peto.

313 2416 445 2476 Omnino
461 2416 588 2476 arduum
609 2435 686 2494 opus
700 2436 746 2478 me
761 2416 881 2494 ingredi
904 2421 994 2493 atque
1014 2418 1138 2493 plenum
1151 2419 1343 2493 periculosae

234 2520 317 2579 aleae
339 2539 401 2579 non
422 2520 542 2597 ignoro.
582 2521 689 2596 Neque
710 2521 790 2580 enim
811 2521 855 2580 ita
875 2520 988 2580 iniuste
1003 2521 1114 2598 Poppo
1137 2539 1202 2580 mea
1223 2521 1342 2596 quidem

234 2625 387 2699 sententia
413 2624 573 2707 contendit
599 2625 636 2700 (I,
659 2630 684 2700 1,
706 2643 735 2702 p.
748 2625 817 2700 372)
844 2623 995 2700 „Latinos
1022 2624 1084 2683 iere
1111 2642 1214 2684 omues
1240 2625 1342 2684 furore

235 2728 366 2801 quodam
388 2727 505 2788 Graeca
527 2717 671 2803 loquendi
692 2747 804 2804 genera
828 2729 860 2787 in
885 2727 1017 2804 patriam
1037 2728 1172 2804 linguam
1192 2728 1343 2788 inferendi

233 2832 377 2907 abreptos
405 2832 500 2904 esse“,
527 2832 571 2891 ita
596 2839 630 2890 ut
655 2849 744 2908 saepe
771 2833 803 2890 in
826 2830 1016 2892 Sallustiana
1042 2831 1183 2892 oratione
1209 2832 1281 2907 quid
1303 2833 1344 2891 sit

234 2933 379 3008 nativum,
406 2932 478 3008 quid
507 2934 702 3008 antiquitatis
727 2934 904 3011 imitationi,
936 2934 1009 3009 quid
1036 2932 1161 2993 Graecis
1186 2934 1344 3009 debeatur,

234 3053 296 3093 non
318 3033 406 3093 facile
427 3036 528 3111 possit
540 3036 700 3112 distingui.
739 3035 870 3095 Etiamsi
892 3035 972 3096 enim
993 3033 1110 3110 egregii
1130 3036 1178 3094 illi
1198 3036 1267 3113 viri,
1289 3038 1340 3111 qui

232 3137 270 3196 de
292 3139 468 3197 archaismis
490 3137 633 3199 Sallustii
654 3138 850 3216 scripserunt,
879 3136 1007 3197 Catonis
1029 3136 1176 3197 Sisennae
1197 3140 1342 3198 aliorum-

235 3258 292 3316 que
314 3241 481 3301 orationem
497 3242 662 3318 diligenter
676 3241 935 3317 perquisiverunt,
955 3246 1055 3303 tamen
1077 3259 1139 3300 non
1161 3242 1343 3300 obliviscen-

233 3344 304 3402 dum
325 3349 380 3418 est,
407 3362 444 3402 er
462 3342 644 3420 fragmentis
665 3343 727 3401 illis
750 3360 909 3418 numquam
933 3343 1149 3404 historicorum
1173 3345 1343 3421 priscorum

233 3448 384 3506 rationem
404 3447 526 3506 dicendi
547 3449 638 3524 plane
659 3466 695 3507 ac
716 3446 791 3506 satis
811 3445 945 3506 dilucide
965 3446 1115 3506 illustrari
1135 3465 1235 3524 posse.

309 3549 411 3610 Multo
436 3555 595 3626 praeterea
621 3549 742 3608 facilius
768 3566 876 3607 munus
903 3551 1112 3627 suscepissem,
1140 3551 1166 3608 si
1187 3548 1343 3608 Historias

234 3653 324 3730 plane
346 3670 530 3729 cognoscere
545 3656 636 3726 atque
651 3670 689 3711 ex
709 3649 981 3712 iis'Sallustianam
996 3654 1165 3713 orationem
1188 3648 1342 3713 illustrare

234 3755 379 3815 licuisset.
410 3756 532 3816 Etenim
554 3756 637 3831 quod
657 3754 799 3814 Kritaius
820 3754 852 3812 iu
874 3754 1006 3830 epistola
1026 3757 1133 3817 critica
1153 3757 1193 3816 ad
1204 3756 1344 3816 Wueste-

233 3879 375 3920 mannum
395 3859 468 3919 data
487 3879 517 3936 p.
530 3861 567 3919 22
588 3858 747 3920 contendit
767 3857 906 3934 „laudem
927 3859 1140 3919 aemulationis
1156 3859 1343 3938 Thucydidis

310 4093 331 4161 2)
350 4093 377 4146 in
396 4095 604 4164 programmate
623 4089 761 4162 gymnasii
778 4090 993 4160 Regiomoutaui
1014 4093 1095 4150 1878:
1120 4096 1273 4162 „qnatenus
1286 4092 1344 4147 Sal.

235 4195 265 4232 se
286 4179 321 4233 ad
341 4179 499 4250 exemplum
520 4177 690 4234 Graecorum
709 4175 949 4232 conformaverit‘.
