2894 4704
618 394 822 463 .-u-

168 599 206 642 ex
227 580 417 665 Histqriis
441 579 538 656 magis
552 592 554 599 ⁴
566 594 653 654 quam
676 577 811 640 Catilina
831 588 862 643 et
883 581 1033 658 Iugurtha
1053 587 1173 658 partam
1192 582 1277 642 esse“

170 684 261 743 ctiam
282 683 321 741 ad
337 701 433 760 genus
448 682 570 743 dicendi
583 682 737 758 pertinere
751 689 838 760 puto.
867 685 969 744 Multo
983 685 1128 744 uberiora
1142 686 1278 762 suppeti-

168 786 284 844 vissent
310 786 449 862 exempla
481 785 661 845 imitationis
683 784 869 846 Graecorum
895 806 982 862 quam
1014 806 1059 863 ea,
1092 805 1168 862 quae
1198 806 1278 846 nunc

168 889 258 948 nobis
290 897 362 948 sunt
393 888 576 965 colligenda.
634 888 822 964 Quamquam
852 909 955 950 eorum
992 909 1054 950 non
1084 909 1197 967 parvus
1231 896 1278 950 est

168 1008 317 1051 numerus.
348 991 531 1050 Accuratius
553 992 632 1050 enim
646 992 817 1069 perlegenti
832 994 906 1053 satis
921 994 1096 1068 frequenter
1113 999 1278 1053 occurrunt

97 1164 100 1169 ,
168 1113 230 1154 non
252 1094 343 1154 modo
364 1094 608 1154 constructiones
635 1095 748 1154 similes
771 1094 896 1155 Graecis
924 1096 1086 1156 structuris
1111 1096 1163 1156 sed
1184 1097 1276 1156 'ctiam

170 1215 233 1274 eae,
264 1215 340 1272 quae
361 1197 422 1256 nisi
443 1216 479 1256 ex
501 1198 728 1275 comparatione
750 1197 884 1258 Graecae
912 1199 1034 1274 linguae
1061 1198 1192 1274 intelligi
1214 1217 1276 1258 non

168 1300 299 1376 possint,
320 1306 354 1359 ut
374 1306 454 1360 recte
475 1319 542 1366 eum
555 1300 675 1376 Doleg'a
696 1301 802 1375 „quasi
822 1318 880 1377 pro
895 1303 1080 1377 praenuntio
1094 1302 1277 1361 Latinitatis

168 1404 349 1478 argenteae“
378 1402 520 1462 habuerit
550 1402 770 1477 dicendumque
806 1403 937 1462 fortasse
974 1405 1014 1462 sit
1047 1404 1085 1462 de
1116 1401 1276 1480 Sallusti0,

168 1506 249 1581 quod
269 1505 442 1581 Dracgerus
468 1505 500 1562 in
529 1503 657 1581 Syn'taxi
677 1505 825 1564 historica
850 1506 925 1581 ling.
952 1506 1023 1566 Lat.
1051 1507 1170 1582 proleg.
1197 1526 1226 1583 p.
1241 1511 1282 1568 16.

166 1607 204 1666 dc
224 1608 325 1683 poetis
340 1607 423 1666 illius
436 1607 545 1666 aetatis
560 1607 654 1666 dixit:
690 1612 770 1682 „Alo
784 1615 846 1667 aiod
865 1613 928 1668 aber
948 1631 998 1667 coa
1011 1615 1086 1668 abaco
1098 1615 1277 1684 pricctiacteo

166 1714 286 1770 Mactero
305 1716 452 1786 abtdapi95
473 1716 556 1770 daber
571 1715 668 1769 kommt
687 1733 723 1785 ca,
745 1718 808 1771 dosa
822 1734 872 1770 voa
885 1735 940 1770 aaa
961 1717 994 1771 ab
1009 1721 1065 1772 ctae
1082 1733 1172 1786 prosae
1185 1715 1278 1787 Meope

167 1819 448 1889 andrachnen,
473 1821 632 1873 ocmcotlich
658 1819 849 1888 apotaktiachcr
873 1818 934 1885 Art,
959 1823 988 1874 io
1014 1822 1056 1874 cb'c
1076 1818 1195 1889 Spractc
1221 1821 1275 1873 cio·

166 1924 265 1992 driopt.
305 1922 354 1976 Bcc
375 1921 467 1976 Libica
486 1923 533 1977 tat
551 1925 589 1976 aie
613 1924 771 1993 oeaerdiopa
792 1922 913 1977 Kritnaat
938 1925 967 1976 ia
989 1924 1173 1994 umfoaacodcr
1197 1923 1278 1978 Wciae

166 2027 368 2095 aacbpcwicaeo,
393 2027 450 2078 aad
473 2027 517 2079 die
539 2026 682 2095 garamante
706 2025 818 2080 ailbcroe
838 2025 972 2081 latinitat
997 2029 1032 2080 iat
1056 2043 1106 2080 von
1132 2026 1210 2080 iteca
1231 2045 1278 2080 an·

163 2129 260 2200 pastilli
278 2130 335 2182 uod
353 2130 503 2198 modayicr'rt,
518 2129 628 2198 freilicb
648 2131 677 2182 ia
696 2130 904 2183 ccracbiedcocm
926 2124 1045 2183 (iratist.

176 2277 179 2283 .
211 2240 212 2243 ’
245 2225 314 2298 Quo
344 2225 409 2285 iure
439 2226 498 2284 hoc
518 2226 609 2283 etiam
639 2224 676 2283 de
699 2223 847 2284 Sallustio
878 2225 941 2284 dici
961 2224 1070 2301 possit,
1104 2244 1183 2283 nunc
1210 2244 1276 2301 pcr-

169 2329 288 2403 quirere
315 2328 501 2387 conabimur.
535 2327 735 2387 Praemonere
757 2333 857 2386 autem
877 2328 936 2386 hoc
956 2328 1063 2388 liceat:
1087 2328 1277 2403 Quamquam

167 2430 263 2489 multa
292 2430 381 2488 nobis
412 2436 585 2505 occurrent,
623 2443 699 2505 quae
730 2448 792 2489 non
823 2430 913 2489 modo
944 2449 982 2488 ex
1014 2429 1192 2510 Thucydide
1222 2433 1274 2491 sed

167 2533 259 2592 etiam
278 2551 317 2590 ax
338 2533 399 2592 alio
416 2532 524 2608 quovis
540 2531 727 2592 Graecorum
739 2537 844 2607 petere
867 2534 1000 2610 scriptor
1020 2540 1154 2610 poterat,
1175 2541 1274 2593 tamen

167 2636 268 2694 omnia
282 2636 355 2694 haec
375 2636 413 2694 ad
434 2637 532 2695 solum
548 2636 754 2712 Thucydidem
769 2635 880 2696 referre
896 2654 957 2694 nou
971 2636 1187 2710 dubitabimus,
1208 2655 1274 2696 cum

166 2745 197 2798 ct
211 2737 391 2798 Sallustium
410 2739 490 2797 hunc
510 2739 569 2798 sibi
590 2739 768 2814 scriptorem
787 2755 860 2824 prae
882 2732 951 2795 aliis
973 2738 1100 2814 elegisse
1121 2747 1155 2798 ut
1175 2758 1273 2798 exem-

166 2841 249 2917 plum
281 2846 401 2900 constet
425 2846 457 2900 et
486 2841 562 2900 talia
591 2842 768 2918 plerumque
799 2842 869 2899 aliis
895 2841 1112 2917 sustineantur,
1145 2861 1273 2917 quorum

167 2945 255 3022 origo
278 2944 475 3022 Thucydidea
495 2963 557 3004 non
577 2949 681 3021 potest
701 2962 766 3004 esse
787 2943 888 3023 dubia.

244 3049 309 3108 Iam
339 3066 546 3108 recenseamus
584 3048 720 3125 singulas
754 3047 958 3107 Sallustianae
989 3047 1137 3106 orationis
1168 3055 1272 3125 partes

172 3156 263 3227 atquc
290 3151 470 3227 incipiamus
497 3171 516 3210 a
540 3152 768 3211 constructione
786 3153 850 3206 κατὰ
867 3152 959 3206 σύνεσιν
978 3169 1053 3225 quae
1078 3157 1205 3211 uocatur
1229 3153 1274 3210 in·

166 3254 331 3332 primisque
357 3273 402 3328 ea,
433 3272 508 3329 quae
534 3254 566 3312 in
596 3257 812 3315 coniunctione
844 3255 974 3314 subiecti
999 3272 1066 3314 cum
1095 3255 1272 3332 praedicato

166 3358 309 3419 cernitur.

243 3460 311 3535 Qua
337 3460 565 3520 constructione
597 3476 775 3534 quamquam
797 3458 976 3540 Sallustium
1007 3461 1151 3520 audacius
1177 3446 1270 3539 paulo

166 3580 252 3622 nsum
272 3581 337 3624 esse
363 3567 468 3623 notum
490 3570 545 3639 est,
577 3569 757 3622 tamennon
784 3565 902 3623 tantum
926 3565 1041 3622 abusu
1068 3565 1178 3623 aetatis
1200 3583 1271 3625 suae

165 3667 290 3726 recessit
304 3674 338 3726 ut
356 3667 453 3726 multa
466 3667 504 3725 ad
525 3666 725 3728 imitationem
742 3667 893 3741 quandam
906 3666 1013 3726 referri
1027 3669 1159 3743 possint,
1181 3668 1270 3728 immo

164 3788 237 3830 raro
259 3774 320 3829 tam
340 3771 436 3829 multa
450 3771 588 3846 exempla
608 3770 699 3828 huius
721 3769 862 3830 licentiae
883 3771 915 3827 in
931 3769 1080 3845 Caesaris,
1103 3770 1272 3847 Ciceronis,

166 3873 251 3931 Livii
276 3872 364 3934 libris
390 3874 600 3946 inveniuntur,
625 3879 660 3931 ut
686 3873 761 3932 haec
786 3891 847 3932 non
873 3873 971 3932 minus
997 3878 1122 3932 naturae
1148 3874 1271 3950 linguae

166 3975 297 4037 Latinae
321 3995 408 4052 quam
430 3977 562 4038 Graecae
588 3977 682 4036 insita
708 3994 773 4037 esse
793 3976 962 4036 videantur.
1011 3976 1149 4052 Namque
1174 3981 1209 4035 ut
1233 3977 1271 4036 de

162 4070 365 4141 ⁴substantivis
396 4081 575 4155 collectivis,
607 4098 682 4155 quae
712 4084 870 4155 vocantur,
892 4085 971 4139 'cum
1000 4079 1115 4155 plurali
1145 4096 1269 4138 numero

165 4183 337 4245 coniunctis
362 4185 468 4262 dicam,
498 4185 575 4245 nihil
606 4190 652 4244 est
681 4184 738 4244 hac
762 4183 794 4240 in
820 4200 862 4259 re,
894 4183 976 4257 quod
1007 4183 1101 4242 solius
1128 4179 1269 4240 Sallustii

1080 4291 1112 4348 1*
