2894 4704
616 319 825 378 *38*

161 503 228 576 bns,
248 501 361 577 partim
384 502 414 558 in
437 499 557 559 ratione
576 499 723 559 historica
744 499 894 560 interdum
908 501 1087 579 simpliciter
1108 501 1190 575 quid,
1212 519 1274 558 non

165 604 318 678 quomodo
347 604 458 661 factum
490 605 539 676 sit,
573 608 743 676 enarrante,
773 603 885 677 partim
916 604 1007 662 etiam
1038 603 1068 660 in
1096 603 1288 678 priodorum·

163 723 325 780 earumque
346 706 544 763 membrorum
566 705 756 764 connexione
778 724 868 783 saepe
891 707 950 766 levi
973 708 1012 765 ob
1034 707 1161 765 omissas
1183 724 1283 781 copo·-

165 808 219 881 las,
240 808 318 865 unde
333 807 514 882 Asyndeton
530 807 688 883 propriam
705 807 831 884 Grrispo
852 811 977 885 figuram
992 808 1132 885 appellat
1153 807 1277 866 Corte.“

244 909 423 982 Quicunque
456 913 557 967 autem
598 909 745 970 brevitati
786 912 903 986 studet,
942 911 1102 970 sententiis
1139 909 1277 968 nervosis

165 1012 332 1087 vigoreque
353 1013 573 1071 excellentibus
600 1013 646 1072 nti
667 1012 759 1072 debet
779 1031 876 1088 neque
900 1021 1065 1091 propterea
1088 1010 1291 1088 Thucydidis

166 1113 302 1174 imitator
322 1115 475 1174 vocandus
497 1119 554 1188 est,
580 1116 659 1175 idem
686 1115 880 1174 indicandum
900 1119 948 1175 est
970 1115 1011 1175 'de
1031 1121 1097 1174 arte
1117 1112 1278 1187 historica,

168 1219 249 1293 quod
271 1224 371 1277 autem
384 1220 477 1277 tertio
499 1219 569 1277 loco
591 1219 687 1291 affert,
703 1218 844 1294 Crispum
866 1237 955 1295 saepe
977 1217 1137 1277 enuntiata
1158 1214 1279 1275 omissis

167 1321 287 1396 copulis
308 1321 395 1380 iuxta
414 1339 538 1398 ponere,
563 1323 622 1381 hoc
642 1321 746 1398 potius
769 1339 835 1380 cum
855 1322 959 1380 multis
980 1322 1054 1380 viris
1076 1319 1173 1379 doctis
1188 1317 1277 1394 (Ger-

168 1424 279 1500 lachio,
299 1425 431 1500 Lawsio,
451 1423 606 1501 Dolturio,
630 1423 847 1500 Bruennertio)
876 1425 915 1483 ad
936 1424 1137 1483 imitationem
1157 1420 1277 1496 antiqui

169 1527 316 1586 sermonis
331 1527 467 1603 referam,
490 1528 639 1604 siqnidem
660 1532 698 1589 cx'
714 1528 885 1588 imitatione
905 1529 964 1588 hoc
978 1533 1082 1587 natum
1103 1544 1168 1587 esse
1182 1543 1280 1600 neque

168 1650 206 1689 ex
238 1630 379 1689 Sallustii
413 1631 517 1690 indole
550 1633 775 1692 existumamus.
826 1632 968 1706 Denique
1000 1622 1172 1707 Asyndeta,
1204 1646 1281 1704 quae

169 1732 347 1809 angustiore
379 1751 468 1792 sensu
494 1742 651 1811 vocantur,
681 1736 802 1796 minime
832 1755 869 1794 ex
897 1735 1073 1811 Thucydide
1103 1734 1284 1810 scriptorem

169 1837 290 1896 haurire
310 1836 459 1912 potuisse,
489 1836 578 1897 immo
607 1840 695 1900 valde
724 1839 845 1898 differre
871 1839 930 1897 hac
955 1838 986 1896 in
1008 1855 1039 1896 re
1066 1837 1171 1895 ambos
1193 1835 1282 1908 infra,

171 1939 222 1997 ubi
242 1939 279 1997 de
300 1941 405 2015 figuris
426 1940 571 2016 dicemus,
597 1943 881 2011 demonstrabimus.
932 1940 1073 2000 Ceterum
1098 1958 1134 1998 eo
1160 1938 1282 1997 facilius

170 2041 283 2118 Poppo
305 2043 443 2101 adhunc
464 2044 645 2104 seutentiam
667 2045 792 2121 perduci
812 2051 945 2121 poterat,
967 2044 1049 2118 quod
1071 2041 1282 2116 Quintilianus

172 2145 262 2203 ctiam
283 2147 463 2205 celebratam
484 2147 666 2208 brevitatem
692 2149 730 2207 ad
752 2148 940 2225 Thucydidis
965 2145 1167 2206 imitationem
1188 2147 1282 2203 rettu-

172 2246 244 2308 lisse
265 2248 386 2307 videtur
408 2250 476 2308 loco
500 2268 592 2326 snpra
614 2251 752 2311 laudato:
775 2251 891 2326 „Attici
911 2248 1057 2327 praecisis
1078 2247 1282 2307 conclusioni·

172 2351 229 2408 bus
251 2350 373 2409 obscuri
394 2349 574 2411 Sallustium
595 2357 687 2427 atque
709 2355 915 2432 Thucydidem
936 2352 1110 2430 superant.“
1155 2360 1158 2367 '

252 2453 426 2528 Quondam,
463 2471 540 2528 quae
575 2456 614 2512 ad
649 2457 829 2516 brevitatem
864 2456 1082 2516 Sallustianam
1114 2453 1282 2530 pertinent,

174 2555 352 2614 conabimur
371 2557 579 2617 demonstrare
599 2559 638 2618 ad
660 2560 737 2618 banc
758 2560 959 2619 imitationem
984 2557 1089 2617 referri
1116 2575 1207 2633 posse
1229 2556 1284 2615 sed

174 2658 267 2734 louge
288 2658 348 2716 alia
374 2665 465 2734 atque
486 2660 598 2737 Poppo
628 2660 755 2720 censuit.
805 2663 992 2721 Inveniemus
1018 2666 1118 2719 autem
1143 2660 1225 2733 haec,
1256 2659 1283 2715 si

175 2762 433 2837 exploraverimus
450 2764 558 2838 quibus
580 2764 610 2823 in
626 2766 715 2823 rebus
737 2765 811 2824 insit
830 2765 965 2824 brevitas
983 2763 1092 2823 Graeci
1113 2762 1283 2839 scriptoris.

176 2863 282 2938 Atque
305 2869 449 2938 quattuor
469 2866 590 2939 quidem
611 2885 717 2925 causas
739 2872 895 2926 enumerat
908 2867 1020 2943 Poppo
1043 2866 1083 2940 (1,
1107 2871 1132 2940 l,
1154 2885 1183 2941 p.
1197 2864 1283 2937 28¹)ss

244 3036 246 3040 ¹
280 2967 307 3040 1)
330 2967 431 3041 „quod
452 2968 573 3043 saepius
604 2975 635 3026 et
654 2968 759 3027 durius
787 2987 875 3044 qnam
901 2969 982 3044 apud
1010 2969 1088 3027 alios
1116 2966 1283 3043 scriptores

331 3070 432 3143 verba,
448 3087 523 3143 quae
539 3088 577 3127 ex
592 3075 662 3128 aute
676 3071 852 3130 cedentibus
865 3071 964 3146 repeti
979 3080 1120 3146 possunt,
1142 3071 1283 3129 omittan-

331 3177 390 3246 tur,
412 3171 514 3245 (quam
536 3176 718 3230 structuram
743 3173 791 3227 ἀπὸ
808 3178 891 3228 κοινοῦ
912 3174 1071 3249 appellant
1092 3172 1223 3248 Graeci).

279 3274 308 3347 2)
331 3272 412 3347 quod
442 3272 579 3348 integrae
610 3273 765 3333 breviores
796 3277 966 3335 sententiae
997 3278 1037 3336 ad
1067 3274 1285 3334 conecteadum

332 3392 498 3434 sermonem
525 3379 712 3436 necessariae
742 3382 773 3436 et
793 3379 893 3437 media
918 3380 1064 3454 quaedam
1090 3378 1285 3455 periodorum

333 3479 464 3543 membra
484 3480 585 3538 desint
606 3486 637 3539 et
656 3462 817 3555 particulis
838 3485 955 3541 tantum
976 3482 1150 3542 innuantur.

228 3607 230 3612 .
280 3579 310 3654 3)
333 3581 415 3654 quod
436 3581 564 3639 subinde
584 3581 746 3657 abruptior
767 3581 808 3641 sit
828 3584 928 3642 oratio
950 3592 981 3643 et
1000 3604 1056 3661 per
1075 3585 1173 3644 ineisa
1192 3588 1285 3658 atque

333 3683 401 3740 cola
421 3683 551 3741 incedat.
714 3751 717 3756 y

281 3784 311 3860 4)
334 3784 415 3858 quod
437 3786 597 3844 notionum
610 3785 744 3862 ipsarum
764 3788 874 3860 arguta
894 3804 959 3845 esse
981 3788 1080 3849 soleat
1098 3789 1234 3851 densitas
1255 3797 1287 3850 et

333 3889 501 3948 sententiae
522 3891 692 3966 complures
712 3890 817 3967 paucis
838 3891 939 3948 verbis
961 3893 1198 3969 exprimantur.“

259 3993 341 4066 Quid
372 3992 409 4052 de
440 3992 578 4064 oratione
609 3992 740 4066 abrupta
769 3993 906 4067 sentiam,
937 4012 974 4052 ex
1004 3995 1051 4071 iis,
1087 4016 1162 4073 qaae
1193 4017 1287 4075 supra

180 4096 322 4173 diximus,
343 4103 481 4173 apparet,
507 4098 560 4156 sed
585 4097 677 4156 liceat
696 4094 768 4154 mihi
796 4094 852 4153 hac
876 4095 914 4154 de
941 4115 973 4155 re
998 4102 1168 4161 accuratius
1191 4104 1285 4179 paulo
