2894 4704
575 370 786 431 ..43-

124 557 165 608 καὶ
188 554 269 614 οὕτως
291 558 364 610 οἰκεῖν
388 555 446 612 hoe
467 573 571 612 sensu:
594 573 640 612 res
662 555 786 630 publiea
808 556 904 615 libera
921 559 1047 615 vocatur·
1068 556 1149 632 qnod
1171 576 1232 616 nou

124 658 162 716 ad
184 677 297 734 pancos
319 657 371 716 sed
392 657 430 715 ad
452 657 555 733 plures
577 658 711 733 pertinet
736 659 840 734 itaque
864 659 1105 731 administratur,
1131 659 1178 717 vel
1201 667 1234 718 ιιι

124 760 332 818 Mollmannus
353 759 522 834 intellegit:
549 760 760 835 „respublica
788 761 829 819 sic
849 761 1094 836 administratur,‘
1117 772 1150 819 ιιι
1172 781 1233 820 non

34 928 36 930 v
124 863 162 922 ad
183 882 296 938 paucos
318 862 419 922 omnia
440 862 597 920 commoda
618 863 789 933 reserantur
815 866 868 924 sed
893 867 1026 925 omnium
1047 864 1234 924 utilitatibus
1330 911 1333 918 .

126 965 337 1024 inserviatur.“
373 964 506 1025 Similem
537 965 777 1023 contractionem
807 967 906 1027 inesse
938 967 1086 1025 videmus
1106 967 1136 1024 in
1168 965 1234 1025 Sel·

124 1067 256 1124 lustiaua
276 1066 412 1126 dictione
434 1068 520 1140 (hist.
546 1072 570 1142 1,
591 1067 657 1142 45):
682 1067 828 1142 „Etruria
854 1069 952 1127 omnis
974 1101 1010 1113 -
1032 1071 1173 1144 suspects
1200 1068 1232 1126 in
1346 1131 1348 1135 ,

125 1170 284 1229 tumultum
305 1170 400 1240 erat,“
420 1171 512 1246 (quae
526 1169 663 1228 Kritzius
684 1171 821 1248 explieat
840 1171 986 1245 „Etruria
1007 1177 1148 1248 suspecta
1160 1178 1229 1230 erat

124 1273 271 1348 proclivis
296 1291 363 1331 esse
389 1273 427 1331 ad
454 1273 615 1331 tumultum
640 1272 865 1355 excitandum“)
892 1265 1019 1333 similem
1044 1274 1075 1331 in
1104 1274 1230 1332 vocibus

125 1375 175 1449 „in
197 1376 292 1433 maius
313 1377 486 1435 celebrare“
507 1376 587 1451 (Ing.
603 1380 649 1449 73,
664 1375 763 1450 5).„in
784 1377 888 1436 maius·
901 1376 1026 1435 audire“
1049 1377 1133 1453 (hist.
1145 1379 1172 1448 2,
1184 1380 1233 1452 70y

124 1478 176 1553 „in
202 1478 298 1537 maius
324 1478 526 1555 componere“
553 1479 637 1554 (hist.
663 1482 690 1552 3,
716 1478 766 1552 60)
794 1480 846 1553 „in
872 1479 1011 1538 deterius
1032 1483 1234 1557 componere“

125 1583 245 1657 (fragm.
267 1583 326 1640 ine.
347 1583 406 1656 78).
441 1581 527 1640 Ροιίι
549 1582 628 1640 enirn
649 1581 722 1640 haee
742 1587 901 1640 eontracta
921 1600 987 1641 csse
1008 1580 1044 1640 e'x
1060 1583 1161 1641 serbis
1182 1585 1234 1658 „in

124 1686 220 1744 mains
246 1685 386 1760 augendo
412 1685 586 1743 celebrare“
613 1685 664 1758 „in
691 1684 786 1742 maius
813 1688 903 1743 aucta
929 1684 1053 1743 audire“
1074 1691 1141 1760 etc,
1168 1704 1234 1745 cum

125 1789 211 1847 notio
243 1788 375 1863 augendi
409 1788 438 1846 in
469 1789 517 1847 his
547 1788 757 1847 locutionibus
783 1788 888 1862 lateat,
920 1806 995 1862 quas
1020 1787 1234 1863 Thucydideas

125 1910 190 1950 esse
205 1892 263 1950 iam
277 1892 388 1968 Poppo
403 1891 627 1965 animadvertit,
643 1891 694 1965 qui
709 1896 880 1966 comparat:
901 1893 940 1946 lsi
957 1893 986 1947 τὸ
1005 1894 1086 1959 μεῖζον
1104 1887 1241 1960 coepisses

127 1994 208 2068 qnod
249 1995 390 2069 frequens
431 2000 478 2052 est
517 1993 599 2070 apud
639 1993 848 2070 Thucydidem
888 1998 928 2068 (1,
957 1998 1001 2067 10,
1022 1997 1049 2052 2.
1094 1999 1119 2068 1,
1139 1996 1186 2068 21,
1208 1998 1234 2051 l.

128 2102 156 2171 6,
177 2100 224 2172 3-4,
245 2103 272 2158 7.
312 2100 359 2171 83,
381 2098 420 2171 3).
1205 2096 1207 2101 ’

201 2201 273 2259 Huc
301 2199 436 2276 pertinet
467 2201 551 2258 loeus
582 2217 654 2257 sane
681 2199 810 2274 insignis
836 2200 907 2260 hist.
938 2205 963 2274 1,
991 2203 1039 2259 13:
1071 2200 1234 2275 „Omnium

124 2304 257 2379 partium
276 2302 368 2361 deeus
389 2303 420 2360 in
442 2300 606 2361 mercedem
621 2312 803 2378 conruptum
823 2304 907 2361 erat“
929 2304 980 2362 ubi
995 2303 1168 2362 Arusianus
1184 2291 1247 2361 exss

124 2407 234 2482 plicat:
259 2406 315 2482 „in
337 2407 420 2465 illam
442 2425 503 2465 rem
523 2423 580 2481 pro
608 2423 700 2464 cansa
726 2405 821 2463 illiius
848 2404 921 2466 r·ei.“
963 2405 1025 2464 Sed
1050 2407 1123 2464 haec
1143 2406 1234 2481 plane

126 2527 144 2567 a
174 2509 393 2568 consuetudine
425 2508 692 2568 latinareeedere
722 2508 992 2583 intellegendnquc
1022 2527 1087 2567 esse
1115 2527 1151 2567 ex
1177 2525 1234 2566 usu

127 2611 322 2689 Thucydideo
344 2619 440 2688 puto..
480 2612 559 2671 Nam
586 2618 620 2670 ιιι
646 2612 740 2671 dixit:
760 2612 939 2684 inclaruisse
958 2613 1054 2683 ὀλίγους
1066 2614 1134 2674 οἰκεῖ,
1159 2628 1235 2685 quae

128 2713 181 2772 tali
203 2714 264 2773 fere
285 2715 374 2773 modo
389 2715 572 2790 explicanda
585 2733 650 2773 esse
666 2713 816 2775 vidimus:
835 2734 871 2790 „r
901 2734 930 2790 p.
946 2715 989 2772 ita
1003 2714 1235 2773 administratur

128 2824 165 2874 ut
184 2834 278 2892 penes
293 2834 411 2892 ‚paucos
427 2815 566 2892 potentia
580 2816 639 2874 sit“
661 2817 704 2874 ita
719 2817 846 2892 legimus
868 2821 895 2891 8,
916 2820 967 2876 38z
985 2812 1030 2888 τῆς
1048 2818 1123 2888 ἄλλης
1141 2818 1236 2877 πόλεως

125 2918 177 2974 κατ’
200 2923 307 2993 ἀνάγκην
325 2922 354 2980 ἐς
372 2922 453 2993 ὀλίγον
470 2923 639 2994 κατεχομένης
660 2905 724 2993 (ubi
753 2919 941 2978 Scholiasta:
970 2922 1168 2992 ἀναγκάζομένης
1186 2919 1235 2974 ὀλο.

127 3022 280 3098 γαρχεῖσιαι)
303 3024 323 3084 i.
350 3042 375 3082 e.
400 3042 486 3098 „cum
514 3025 632 3098 reliqua
657 3025 730 3082 urbs
757 3023 964 3098 impelleretur
989 3021 1029 3083 ut
1054 3021 1161 3098 paneis
1184 3022 1244 3080 im·-

128 3127 246 3201 perium
267 3126 421 3187 truderet“
442 3135 474 3185 et
493 3132 521 3201 8,
543 3129 593 3187 53:
614 3129 635 3182 ei
647 3131 681 3199 μὴ
692 3129 716 3186 ἐς
734 3127 829 3199 ὀλίγους
847 3126 940 3195 μᾶλλον
957 3128 1002 3186 τὰς
1013 3127 1092 3200 ἀρχᾶς
1103 3127 1236 3193 ποιήσομεν

128 3228 145 3288 i.
167 3230 272 3289 enisi
294 3230 490 3304 magistratus
512 3231 556 3289 ita
576 3231 789 3289 constituimus
810 3263 847 3272 -
869 3237 907 3288 ut
934 3231 964 3287 in
989 3227 1154 3303 paucorum
1176 3245 1235 3285 ma·
1277 3286 1280 3292 ,

129 3333 217 3391 nibus
243 3333 305 3390 sint
331 3331 367 3392 ef.
397 3331 530 3391 Goeller.
557 3332 596 3390 ad
622 3333 702 3390 hune
728 3333 837 3390 locum.
878 3332 930 3390 Ad
957 3331 1047 3390 talem
1074 3334 1235 3389 eonsuetu-

127 3436 228 3494 diuem
250 3435 379 3494 ereviter
398 3435 545 3509 loquendi
561 3435 740 3493 Sallustium
761 3452 792 3492 se
813 3433 999 3509 applicuisse
1014 3433 1106 3491 etiam
1127 3439 1235 3492 nostro

128 3539 196 3597 loco
217 3540 410 3614 perspicuum
431 3549 478 3597 est
499 3539 601 3612 itaque
622 3538 700 3597 hane
714 3538 774 3595 vim
795 3537 826 3594 in
848 3535 910 3594 illis
927 3535 1028 3593 verbis
1050 3535 1148 3592 inesse
1169 3553 1235 3593 cum

129 3640 291 3700 Gerlaehio
313 3647 402 3716 puto:
424 3641 575 3717 „partium
595 3641 687 3699 decus
708 3640 847 3715 corrupit
864 3643 902 3697 nt
916 3637 978 3696 suis
993 3636 1159 3696 mercedem
1169 3637 1236 3696 aol-

128 3746 240 3818 veret,“
262 3745 306 3805 ita
327 3751 455 3803 atroce
476 3746 527 3819 „iu
550 3744 733 3804 mercedem“
749 3761 810 3800 non
832 3759 952 3800 eausam
973 3740 1026 3798 sed
1047 3741 1160 3798 finem
1181 3760 1236 3816 po·

130 3846 191 3903 tius
216 3848 380 3922 significari
405 3849 584 3907 existimem.
626 3848 694 3922 Quo
722 3845 882 3906 brevitatis
910 3844 1048 3919 exemplo
1069 3842 1150 3901 hand
1172 3845 1235 3902 scio

129 3966 167 4006 an
189 3950 303 4009 nullum
325 3950 406 4026 apud
428 3949 608 4010 Sallustium
629 3954 730 4009 exstet
750 3949 910 4025 insignius.

205 4052 370 4113 Lutissime
402 4052 476 4111 haee
508 4053 754 4128 breviloquentia
788 4052 870 4130 apud
906 4049 1113 4130 Thucydidem
1150 4053 1237 4129 patet
