2894 4704
630 367 843 426 „26-

180 571 233 612 cus
258 552 299 610 sit
323 553 360 610 ci.
386 549 493 625 Eurip.
518 549 675 610 Heraclid.
702 551 772 608 213:
796 551 896 621 γένους
924 549 969 624 (=
993 573 1031 607 on
1059 548 1223 624 Gesetlectt)
1244 553 1289 618 μὲν

180 656 246 727 ἥκεις
259 654 309 710 ὧδε
319 657 400 710 τοῖσδε
414 653 495 711 Plat.
514 652 608 728 Gorg.
623 671 653 728 p.
668 655 739 711 loe:
751 654 860 723 κατέαγα
877 656 922 721 τῆς
938 652 1048 724 κεφαλῆς
1062 651 1106 726 (=
1123 676 1167 711 am
1181 651 1288 728 Kopfe).

261 753 322 813 Sed
348 754 547 830 frequentius,
572 761 607 814 ut
632 773 724 830 supra
749 754 891 829 diximus,
917 755 967 813 hic
992 755 1153 830 genetivus
1177 755 1216 813 ab
1237 754 1290 812 ad·

181 857 293 915 verbiis
318 857 440 932 pendet,
468 863 502 915 ut
529 862 555 932 l,
580 861 631 918 36:
657 858 741 916 καλῶς
758 856 886 932 παράπλου
903 865 981 912 κεῖται
1000 855 1032 927 (i.
1058 875 1083 916 e.
1109 864 1137 914 οόι
1165 861 1291 915 thaiclvt

180 949 228 1019 der
244 961 414 1035 Ueberfatrt)
436 962 463 1034 3,
484 963 536 1020 92:
557 966 603 1016 τοῦ
621 961 751 1029 πολέμου
768 961 852 1020 καλῶς
864 989 898 998 -
909 961 989 1015 ἐδόκει
1006 961 1102 1032 ἡπόλις
1118 958 1290 1014 καθίστασθαι.
1330 979 1333 984 ’

181 1088 211 1099 -
230 1066 274 1131 τῆς
291 1064 400 1135 παρόδου
418 1063 546 1138 χρησίμως
564 1063 623 1126 ἕξειν
643 1066 665 1128 l,
685 1064 732 1117 75:
751 1065 876 1138 ἀρχῆς-
894 1061 1032 1136 ἐπιφθόνως
1049 1062 1184 1118 διακεῖσθαι
1203 1065 1226 1130 1,
1243 1063 1291 1116 22:

180 1166 215 1224 ὡς
233 1167 357 1238 ἑκατέρων
368 1186 405 1226 τις
416 1166 510 1225 εὐνοίας
528 1167 656 1238 ἠμνὴμης
674 1166 728 1239 ἔχοι
745 1166 770 1232 2,
788 1165 835 1219 90:
852 1166 889 1225 ὡς
905 1168 998 1239 τάχους
1014 1186 1051 1226 τις
1068 1167 1120 1239 ἔχει
1139 1163 1191 1234 (sio
1204 1165 1229 1231 6,
1247 1166 1291 1220 97.

179 1269 204 1333 7,
214 1270 239 1321 2.
266 1269 292 1334 8,
312 1267 371 1336 102)
390 1270 415 1334 7,
428 1269 479 1322 dt:
498 1270 533 1328 ὡς
551 1270 652 1329 ἕκαστος
669 1267 860 1341 τῆςξυντοχίας
883 1269 962 1341 ἔσχεν.
1006 1267 1099 1326 Hunc
1117 1286 1203 1326 usum
1224 1266 1290 1326 imi·

70 1445 72 1450 Α
181 1375 264 1429 tatus
285 1388 350 1429 esse
371 1371 492 1429 videtur
513 1370 692 1430 Sallustius:
720 1371 787 1432 (lat.
808 1375 836 1443 6,
857 1373 887 1430 3:
913 1371 1013 1445 „sicut
1038 1370 1184 1446 pleraque
1211 1389 1290 1429 mor·

181 1473 289 1532 talium
309 1473 478 1532 habentu1·“
506 1491 582 1548 quae
603 1473 696 1531 verba
720 1473 779 1530 iam
804 1471 989 1546 Herzogius,
1014 1471 1124 1531 deiude
1149 1471 1291 1531 Lawsius

180 1579 432 1653 comparaverunt
451 1594 518 1634 cum
539 1574 724 1634 Graecorum
744 1573 879 1632 dictione
904 1575 939 1634 ὡς
956 1575 1104 1630 τὰπλεῖστα
1121 1583 1172 1629 τῶν
1189 1574 1291 1646 θνατῶν

179 1679 238 1752 ἔχει,
258 1697 323 1737 cum
337 1678 477 1738 Kritzius
498 1678 645 1754 explicet:
667 1677 766 1752 „siout
786 1677 817 1735 in
838 1677 1002 1752 plerisque,
1024 1695 1101 1751 quae
1115 1678 1292 1737 mortalium
1351 1702 1354 1707 ·

177 1786 257 1856 sunt,
277 1780 343 1838 fieri
364 1780 475 1839 solet“.
514 1779 676 1856 Duplicem
703 1784 804 1838 autem
826 1778 1035 1839 Graecismum
1054 1780 1113 1840 hoc
1133 1781 1203 1840 loco
1224 1798 1292 1838 esse

177 1883 286 1942 statuit
305 1881 455 1956 Lewsius,
481 1882 611 1958 primum
639 1883 721 1956 quod
746 1883 906 1957 genetivus
938 1900 1086 1958 personae
1111 1882 1144 1960 (i.
1165 1901 1190 1943 e.
1212 1900 1292 1941 mor·

177 1984 298 2052 talium)
324 1984 456 2061 pendeat
482 2003 500 2043 a
525 1988 634 2044 neutro
660 1983 814 2059 adiectivi,
848 1984 958 2043 deiude
992 1984 1073 2059 quod
1099 1984 1292 2059 „habeutur“

179 2088 300 2148 modioli
314 2089 345 2146 vi
361 2092 496 2166 positum
510 2090 559 2148 sit.
595 2086 657 2146 Sed
674 2090 708 2145 ut
728 2087 759 2144 iu
776 2085 894 2146 Graeca
914 2092 1067 2148 structura
1086 2088 1122 2147 ὥς
1139 2108 1175 2148 τις
1193 2088 1292 2148 εὐνοίας

177 2194 309 2265 ἡμνήμης
325 2193 379 2268 ἔχοι
398 2195 558 2268 genetivus
587 2189 702 2266 pendet
730 2192 778 2250 vel
810 2210 828 2250 a
860 2198 927 2250 tota
953 2192 1104 2250 sententia
1129 2191 1164 2251 ὥς
1180 2209 1217 2249 τις
1235 2192 1292 2264 ἔχοι

178 2295 226 2353 vel
246 2298 365 2354 tautum
386 2297 423 2355 ab
438 2295 584 2356 adverbio
605 2295 641 2353 ὡς
662 2294 712 2371 (cf.
731 2294 921 2354 Classeuium
936 2293 974 2352 ad
991 2298 1017 2368 1,
1038 2293 1098 2368 22),
1121 2291 1166 2351 sic
1180 2298 1289 2352 nostro

178 2396 246 2455 loco
261 2399 474 2473 „mortalium“
487 2398 620 2474 pendere
641 2403 717 2474 puto
739 2416 757 2456 a
778 2402 844 2457 tota
863 2396 1015 2455 sententia
1029 2397 1129 2472 „sicut
1141 2396 1290 2471 pleraque

179 2498 349 2558 habentur“
364 2505 398 2558 ut
417 2500 491 2559 haec
511 2501 605 2558 verba
624 2501 669 2561 ita
690 2502 752 2559 sint
773 2498 986 2574 intelligenda:
1007 2507 1056 2560 ote
1075 2522 1103 2560 αι
1116 2505 1171 2559 sict
1190 2506 1218 2558 ia
1232 2503 1291 2556 An-

179 2607 277 2677 selrncy
297 2609 344 2662 der
364 2606 492 2662 Mencken
514 2609 557 2674 (=
579 2610 616 2663 im
636 2610 825 2664 mcasclliclren
844 2605 941 2672 Lebca)
965 2610 1087 2662 meiatcaa
1106 2606 1217 2662 υανΙιᾱΙι.

257 2705 379 2764 Etenim
403 2709 569 2782 propterea
589 2707 801 2782 „mortalium“
823 2723 884 2763 uon
910 2705 999 2765 facile
1020 2724 1086 2765 cum
1107 2722 1180 2764 voce
1204 2704 1291 2779 „ple-

179 2809 293 2882 raque“
315 2809 460 2884 coniungi
481 2795 594 2885 potest,
615 2810 697 2884 quod
718 2810 800 2885 apud
821 2808 1011 2884 Sallustium,
1038 2809 1090 2883 qui
1111 2807 1291 2884 saepissime

180 2916 289 2969 neutra
307 2910 528 2972 adiectivorum
554 2931 621 2971 cum
640 2912 784 2987 genetivo
809 2912 855 2970 rei
875 2911 923 2969 vel
950 2910 1097 2969 abstracti
1118 2909 1291 2986 coniungit,

181 3030 328 3086 nusquam
347 3032 495 3090 personae
522 3015 578 3072 teli
606 3014 696 3073 modo
723 3015 859 3089 pendent
884 3031 902 3070 a
930 3018 1048 3072 neutro.
1088 3012 1170 3072 Utut
1189 3018 1292 3072 autem

180 3117 273 3174 verbe
293 3116 503 3193 explicaveris,
529 3116 728 3190 graecismum
755 3116 787 3174 iu
813 3116 852 3174 iis
877 3131 943 3172 csse
970 3115 1164 3191 perspicuum
1183 3118 1231 3174 est
1250 3115 1291 3175 of.

180 3217 319 3295 Dracgcr
343 3237 372 3294 p.
395 3221 465 3279 415:
489 3224 545 3278 Eia
571 3225 675 3279 starker
696 3225 852 3280 &violemus
877 3227 912 3277 ist
937 3224 984 3277 der
1006 3223 1115 3278 Generis
1139 3224 1207 3278 nacla
1232 3224 1292 3277 dem

181 3327 303 3379 modulae
323 3328 366 3395 ut,
388 3321 485 3379 Tacit.
505 3322 606 3380 annal.
630 3325 674 3397 15,
696 3325 733 3383 53
754 3331 789 3381 ut
810 3322 937 3397 quisque
958 3321 1119 3381 audentiae
1132 3320 1293 3380 habuisset

183 3423 228 3497 (=
250 3440 307 3497 pro
329 3440 373 3498 ea,
400 3441 460 3498 qua
476 3425 613 3498 quisque
637 3428 726 3498 esset,
754 3424 922 3499 audentia).
975 3428 1016 3482 Im
1040 3429 1225 3484 Laterniaolen
1254 3431 1293 3483 iet

183 3533 239 3586 dica
258 3525 321 3588 ἅπαξ
332 3528 458 3600 εἰρημένον
473 3526 499 3601 (l
521 3527 558 3587 cf.
575 3532 712 3585 nostrum
736 3526 859 3599 locum),
879 3535 916 3587 οόι
936 3534 1122 3588 Griectieelen
1140 3533 1207 3586 stent
1226 3527 1292 3599 ἔχειν
1355 3531 1360 3535 ’

181 3634 249 3687 caet
269 3628 312 3690 ὡς,
330 3627 406 3691 ὅπως,
423 3637 485 3691 πῶς,
504 3629 584 3688 οὕτως
604 3637 677 3689 nicht
696 3638 778 3689 seiten
797 3637 846 3689 mit
865 3637 923 3690 dem
944 3632 1083 3691 denotant

260 3729 297 3786 In
323 3735 526 3806 temporum
552 3749 608 3789 usu
638 3749 816 3806 quamquam
841 3732 972 3790 maxime
998 3731 1169 3791 variatione
1192 3731 1293 3790 utitur

183 3833 322 3909 scriptor,
342 3833 379 3891 de
403 3851 462 3908 qua
482 3834 562 3893 iufra
582 3852 713 3910 agemus,
733 3838 834 3893 tamen
856 3835 887 3892 in
901 3834 1074 3894 universum
1093 3834 1154 3892 dici
1175 3839 1291 3910 potest,

183 3954 252 3994 raro
284 3954 350 3995 eum
383 3955 401 3994 a
427 3937 577 3996 communi
603 3936 785 3995 Latinorum
813 3954 868 3994 usu
893 3937 1033 3996 recedere
1060 3937 1097 3998 cf.
1128 3936 1291 3996 Bussman.

70 4056 72 4060 ’
182 4038 220 4097 de
240 4042 410 4114 temporum
431 4056 487 4096 usu
507 4039 589 4114 apud
611 4038 800 4099 Sallustium.
832 4039 933 4114 Quare
953 4039 1003 4098 hic
1024 4045 1142 4098 tautum
1163 4039 1200 4098 de
1220 4057 1290 4115 per·

184 4141 263 4199 lecto
285 4138 396 4199 Graeci
417 4140 526 4199 aoristi
546 4141 615 4200 loeo
637 4142 776 4218 usurpati
802 4139 963 4202 dicendum
986 4146 1041 4203 est
1082 4141 1153 4201 Hoc
1172 4141 1289 4217 perfec·
