2894 4704
674 364 868 427 ..g-

222 544 356 628 „cuius“‘
376 552 532 611 notionem
553 550 649 626 „rei·'‘,
669 567 758 626 quam
783 565 887 607 vocem
913 550 1003 625 pauci
1029 551 1149 610 codices
1175 552 1330 611 exhibent.

224 655 357 731 Optimis
392 663 492 716 tamen
525 654 613 713 libris
648 651 861 726 Priscianique
893 652 1068 712 testimonio
1103 653 1195 713 lectio
1225 655 1331 728 „cuius

222 754 350 832 magnae
375 758 502 833 copiae“
528 756 646 815 munita
673 762 728 815 est.
773 754 845 814 Mea
872 754 992 830 quidem
1019 756 1172 815 sententia
1197 757 1332 831 pertinet

223 859 270 918 hic
296 860 381 918 locus
406 861 445 919 ad
472 859 670 936 multiplicem
696 875 783 917 usum
807 858 998 934 pronominis
1027 858 1158 934 relativi,
1187 857 1273 916 cuius
1299 859 1331 917 in

224 969 376 1022 structura
396 962 531 1038 vulgaris
558 978 629 1018 usus
650 960 724 1017 fines
746 957 925 1018 Sallustium
949 966 1172 1036 transgressum
1192 978 1257 1019 esse
1278 980 1331 1021 no·

225 1064 374 1139 tissimum
403 1072 458 1138 est,
493 1064 605 1138 quique
636 1081 673 1121 ex
705 1060 890 1124 Graecorum
922 1068 1039 1122 tantum
1069 1081 1151 1121 more
1182 1063 1333 1123 illustrari

224 1174 353 1244 potest·
380 1168 423 1226 Et
447 1167 600 1225 assentior
628 1164 799 1239 Gerlachio,
827 1165 984 1241 Jacobsio,
1009 1164 1253 1240 Badstuebnero,
1280 1167 1332 1240 qui

224 1269 390 1331 rectissime
401 1269 629 1345 Thucydideum
644 1267 744 1325 locum
757 1267 884 1326 laudant
899 1274 925 1343 l,
939 1271 987 1343 80,
1001 1272 1017 1327 3
1029 1287 1036 1329 :
1050 1269 1111 1324 ἀλλὰ
1128 1277 1178 1328 τοῖς
1196 1267 1333 1343 gebenna

225 1374 286 1428 ἀλλὰ
303 1373 388 1444 πολλῷ
408 1375 443 1427 ἔτι
459 1373 533 1427 πλέον
550 1368 655 1424 τούτου
674 1371 836 1439 ἐλλείπομεν,

305 1473 365 1547 Qui
391 1473 625 1541 ususneutrius
653 1473 774 1547 generis
800 1473 1013 1547 pronominum
1036 1491 1123 1548 quam
1147 1474 1209 1533 late
1229 1480 1335 1550 pateat

226 1577 308 1653 apud
329 1574 546 1650 Thucydidem,
569 1592 653 1632 nemo
677 1575 729 1647 qui
742 1578 881 1632 accurate
896 1591 963 1632 eum
979 1575 1156 1650 perlegerit,
1178 1575 1335 1650 ignorabit

226 1681 350 1754 verique
372 1678 557 1736 simillimum
577 1683 632 1750 est,
655 1675 834 1734 Sallustium
853 1675 983 1750 primum
1002 1677 1082 1736 inter
1095 1677 1261 1736 historicos
1275 1677 1335 1736 La-

226 1783 308 1841 tinos
339 1781 418 1839 hano
449 1778 602 1836 licentiam
634 1796 671 1836 ex
702 1777 804 1837 studio
836 1778 938 1837 Attici
968 1780 1128 1855 scriptoris
1158 1779 1336 1856 arripuisse.

226 1886 331 1958 Atque
352 1882 391 1941 ad
413 1880 627 1938 illustrandum
648 1881 727 1938 hunc
748 1893 834 1939 usum
849 1882 987 1940 conferas
1001 1882 1092 1941 velim
1112 1883 1213 1941 locum
1234 1887 1261 1959 7,
1282 1888 1335 1943 48:

226 1988 268 2039 καὶ
291 1984 324 2058 μὴ
349 1981 479 2058 χρήμασιν,
512 1980 533 2051 ᾧ
566 1980 626 2036 uolt
650 1983 776 2056 κρείσσους
802 1985 853 2047 εἰσι,
878 1984 1020 2056 νικηθέντας
1047 1987 1148 2040 ἀπιέναι,
1191 1984 1333 2057 Quamvis

227 2090 301 2147 haec
328 2087 418 2145 lectio
447 2091 565 2144 tantum
590 2104 609 2142 a
635 2083 809 2143 Scholiasta
835 2085 948 2143 codicis
976 2085 1139 2145 Graeviani
1171 2090 1202 2146 et
1231 2085 1333 2146 codice

229 2189 379 2267 Stephani
400 2193 520 2248 servata
541 2187 582 2245 sit
602 2194 632 2246 et
647 2187 789 2263 plerique,
805 2187 954 2246 scribant:
976 2186 1021 2263 dc,
1043 2195 1143 2248 tamen
1162 2190 1259 2248 iacere
1273 2207 1335 2247 non

228 2313 353 2371 possum
381 2293 453 2366 quin
481 2291 644 2367 Popponis
672 2293 704 2348 et
728 2291 859 2349 Bekkeri
891 2293 1104 2351 auctoritatem
1135 2309 1254 2367 sequar,
1285 2292 1337 2365 qui

229 2414 333 2454 vocem
359 2393 380 2466 qi
400 2402 532 2453 tuentur.
586 2392 708 2450 Etenim
740 2401 878 2451 neutrum
908 2395 1099 2468 pronominis
1128 2394 1251 2453 relativi
1277 2396 1338 2453 usi·

230 2499 414 2557 tatissimum
434 2497 683 2572 aptissimumque
705 2503 751 2553 est
773 2496 871 2554 indoli
892 2497 1040 2556 orationis
1063 2496 1284 2572 Thucydideae.

309 2599 408 2659 Simili
429 2579 711 2657 rationeneutrum
731 2598 923 2674 pronominis
945 2600 1039 2659 libere
1061 2607 1224 2674 usurpatur
1246 2600 1277 2657 in
1299 2600 1336 2657 iis

233 2723 308 2780 quae
323 2705 468 2779 leguntur
481 2701 549 2775 Ing.
565 2705 629 2775 100,
644 2705 674 2758 4:
689 2701 880 2775 „diffidentia
891 2700 986 2761 futuri
1001 2720 1094 2777 quae
1108 2702 1338 2777 imperavisset“

233 2808 294 2868 nisi
329 2806 411 2881 quod
445 2805 494 2863 hic
527 2803 655 2880 pluralis
688 2801 879 2879 pronominis
913 2804 1043 2881 refertur
1075 2806 1114 2864 ad
1148 2804 1339 2880 singularem.

232 2911 361 2969 Frustra
387 2909 418 2966 in
439 2908 488 2966 his
509 2885 703 2966 emendandis
723 2906 959 2966 elaboraverunt
984 2907 1067 2967 docti
1088 2908 1155 2966 viri.
1200 2908 1340 2966 Kritzius

234 3012 396 3071 lectionem
417 3010 535 3085 accepit
556 3008 626 3086 (Ed.
646 3008 701 3083 1.):
726 3008 893 3084 „futurum
914 3011 1025 3084 quae“
1047 3009 1223 3069 testimonio
1246 3008 1341 3069 Gellii

234 3117 274 3190 (1,
296 3114 326 3188 7)
349 3114 443 3186 nisus,
471 3112 523 3185 qui
549 3111 654 3184 tradit,
682 3110 863 3169 infinitivum
887 3113 1070 3188 „futurum“
1092 3113 1137 3188 (τ
1158 3113 1237 3188 fore)
1259 3113 1341 3188 apud

233 3217 377 3290 antiquos
405 3215 449 3273 ita
476 3219 654 3289 usurpatum
679 3231 744 3272 csse
772 3223 805 3272 ut
830 3214 888 3273 hoe
913 3215 1037 3274 verbum
1064 3233 1180 3291 „neque
1210 3216 1341 3275 numeris

234 3337 331 3392 neque
352 3318 514 3392 generibus
535 3318 745 3393 praeserviens
766 3317 818 3375 sed
833 3318 961 3376 liberum
975 3317 1108 3392 undique
1129 3327 1159 3379 et
1173 3317 1342 3396 impromis-

234 3439 321 3480 cuum
342 3422 451 3480 essere
494 3419 670 3479 Dietsehius
691 3423 791 3478 autem
812 3421 947 3479 scribens
974 3419 1106 3495 „futura
1128 3425 1223 3496 quae“
1244 3425 1343 3498 putat,

235 3541 266 3581 se
288 3524 434 3583 liberasse
456 3522 635 3582 Sallustium
656 3523 824 3598 obprobrio
847 3541 918 3581 usus
939 3541 976 3581 ex
998 3524 1139 3584 obsoleta
1157 3524 1341 3599 antiquitate

235 3617 364 3701 repetiti
380 3627 454 3700 (vid.
471 3626 638 3685 comment.
659 3644 689 3701 p.
713 3626 789 3702 130).
829 3625 937 3700 Neque
958 3644 1030 3685 vero
1052 3646 1071 3685 a
1091 3627 1232 3701 lectione,
1254 3643 1342 3700 quam

235 3727 358 3802 plurimi
374 3729 494 3786 codices
508 3730 666 3803 praebent,
688 3728 885 3787 recedendum
899 3728 1040 3787 existimo
1063 3729 1115 3788 sed
1130 3728 1343 3803 explicandam

236 3847 300 3887 earn
322 3847 386 3888 esse
407 3848 444 3888 ex
459 3830 576 3905 duplici
592 3828 724 3889 Graecae
743 3830 973 3889 consuetudinis
993 3831 1173 3889 imitatione.
1207 3827 1343 3890 Primum

237 3933 319 4005 quod
340 3950 395 4005 pro
416 3933 589 3992 accusativo
611 3950 636 3990 c.
652 3933 706 3990 inf.
720 3933 879 4008 genetivus
900 3932 1059 4010 participii
1075 3932 1209 4010 „futuri‘
1230 3934 1345 4008 pendet

239 4053 275 4093 ex
297 4035 489 4093 substantivo
512 4035 728 4112 „diffidentia“,
748 4036 828 4096 sicut
848 4037 930 4114 apud
952 4036 1158 4113 Thucydidem
1180 4039 1227 4111 (3,
1243 4038 1289 4108 75,
1311 4038 1344 4094 3:

238 4139 335 4207 ἀπιστίᾳ
352 4146 396 4194 τοῦ
415 4142 449 4213 μή
474 4139 586 4210 leprico
605 4145 635 4200 et
655 4139 744 4219 alibi)
769 4142 929 4218 genetivus
951 4139 1106 4217 infinitivi,
1131 4140 1241 4200 deinde
1262 4143 1344 4215 quod
