2894 4704
592 363 802 425 ...23-

143 542 278 602 breviter
299 544 330 601 in
351 544 454 602 multis
475 543 718 620 proprietatibus
739 543 896 603 habendus
917 553 973 621 est,
998 549 1108 622 quibus
1128 551 1166 608 ab
1182 550 1252 608 aliis

144 646 346 722 scriptoribus
373 646 482 721 differt,
513 652 700 723 quapropter
725 647 785 704 iam
816 647 847 704 iu
872 648 1057 723 antiquitate
1088 650 1153 710 iure
1183 654 1251 712 sub-

143 746 303 805 tilissimus
325 748 483 808 brevitatis
504 749 615 807 artifex
636 749 820 809 nominatur.
842 783 878 791 —
900 751 976 810 Cum
997 771 1069 811 vero
1085 752 1251 813 Sallustius

143 850 265 925 saepius
296 852 351 910 hae
378 858 530 911 structura
556 870 627 910 usus
654 851 704 927 sit,
735 853 874 927 equidem
904 871 971 913 eum
993 852 1158 914 Graecos
1190 857 1252 915 imi·

143 956 239 1012 tatum
265 971 330 1013 csse
360 971 476 1027 seuseu,
508 957 561 1029 qui
587 955 752 1030 participia
783 956 1045 1015 substantivorum
1068 957 1166 1017 instar
1186 977 1252 1017 oum

144 1057 429 1131 praepositionibus
451 1059 614 1134 praecipue
635 1058 890 1116 coniunxerunt.“

223 1159 335 1218 Totum
365 1159 444 1218 huno
474 1178 588 1219 morem
617 1162 772 1220 abstracta
805 1160 995 1236 exprimendi
1028 1162 1196 1222 adiectivis.
1221 1168 1253 1224 et

143 1262 337 1339 participiius
360 1269 468 1322 neutro
488 1281 599 1338 genere
619 1263 730 1340 positis
753 1262 931 1323 Ciceronem
952 1264 983 1321 iu
1004 1282 1170 1325 sermonem
1191 1265 1251 1325 La·

142 1364 239 1422 tinum
259 1365 410 1441 recepisse
432 1384 493 1424 uon
515 1366 613 1425 minus
635 1371 757 1424 constat
778 1383 867 1440 quam
886 1367 1034 1426 ambobus
1055 1374 1086 1428 et
1100 1368 1250 1428 Sallustio

141 1471 173 1525 et
195 1466 338 1525 Ciceroni
359 1467 566 1545 Thucydidem
586 1469 675 1526 huius
696 1468 741 1526 rei
763 1476 917 1529 auctorem
938 1471 1103 1531 exstitisse.
1123 1471 1251 1557 'Neque

143 1569 224 1642 quod
245 1570 277 1628 hi
292 1575 354 1629 tres
369 1570 535 1646 scriptores
550 1572 609 1630 hoo
624 1572 655 1629 in
671 1589 726 1629 usu
741 1572 946 1647 consentiunt,
962 1573 1065 1632 mirari
1080 1592 1251 1650 possumus,

143 1673 169 1730 si
190 1680 373 1750 reputemus,
396 1692 472 1749 quae
493 1675 633 1735 condicio
655 1675 748 1734 fuerit
768 1693 878 1749 prosae
900 1676 1050 1735 orationis
1070 1683 1101 1735 et
1116 1674 1251 1737 Graecae

143 1781 174 1835 et
194 1776 350 1835 Romanae
371 1776 495 1836 illorum
518 1783 627 1838 aetate.
676 1777 829 1836 Nimirum
854 1779 929 1838 haec
955 1785 1001 1838 est
1027 1779 1250 1839 abstractarum

140 1879 197 1953 vis,
218 1885 252 1938 ut
272 1886 385 1939 mentes
407 1879 562 1939 hominum
589 1899 607 1938 a
629 1880 759 1955 singulis
780 1881 819 1940 ad
839 1882 981 1941 universa
1000 1887 1154 1956 revocent,
1181 1899 1252 1957 qua-

141 1988 271 2058 propter
286 1983 381 2058 magis
396 1982 651 2059 philosophorum
666 1983 759 2041 moris
780 1983 902 2042 dicendi
917 1984 1046 2060 propria
1067 1989 1146 2044 sunt.
1175 1981 1251 2042 (ium

141 2089 240 2150 autem
266 2085 459 2161 Thucydides
490 2085 606 2161 primus
637 2085 720 2160 apud
740 2085 866 2144 Atticos
893 2086 1073 2157 exstitisset,
1104 2085 1157 2161 qui
1188 2103 1250 2144 uon

140 2186 230 2244 modo
252 2204 300 2245 res
321 2194 423 2262 gestas
446 2193 584 2246 narraret
610 2188 775 2246 sedetiam
800 2205 905 2246 causas
933 2188 1129 2264 originesque
1151 2205 1250 2246 rerum

140 2288 282 2364 aperiret,
303 2307 401 2349 mores
418 2297 603 2365 naturasque
618 2291 770 2349 clarorum
782 2289 926 2365 virorum,
947 2291 1000 2364 qui
1014 2291 1042 2350 ei
1056 2290 1250 2350 describendi

140 2395 237 2467 eraut,
258 2392 483 2452 accuratissime
497 2393 679 2469 depingeret
692 2392 886 2452 orationibus
902 2393 1081 2467 inserendis,
1101 2392 1166 2452 fieri
1188 2404 1252 2452 non'

141 2493 254 2567 potuit,
278 2494 351 2567 quin
371 2495 467 2554 multa
487 2513 583 2571 paene
607 2495 863 2571 philosophorum
882 2513 965 2554 more
981 2495 1135 2555 scriberet.
1163 2496 1270 2555 Cum·⁴

141 2613 198 2670 que
219 2603 290 2654 ante
305 2614 372 2655 eum
385 2597 476 2672 pauci
491 2598 543 2672 qui
565 2598 603 2656 de
624 2598 714 2656 rebus
729 2597 768 2656 ad
782 2597 1011 2673 philosophiam
1025 2598 1250 2673 pertinentibus
1296 2655 1297 2658 ,

140 2715 233 2772 prosa
263 2698 404 2759 oratioue
442 2700 611 2758 scriberent
646 2700 851 2772 exstitissent,
889 2699 1053 2772 multisque
1087 2700 1251 2759 abstractis

139 2799 280 2860 deessent
294 2800 546 2877 significationes,
569 2807 692 2860 coactus
713 2807 779 2860 erat
791 2800 984 2876 Thucydides
998 2819 1063 2860 eam
1077 2801 1251 2861 libertatem

141 2903 201 2962 sibi
222 2920 337 2962 sumere
359 2920 449 2977 quam
463 2910 553 2962 vocat
572 2903 740 2979 Dionysius
762 2903 813 2977 (de
829 2903 964 2978 Thucyd.
974 2903 1070 2980 judic.
1090 2922 1115 2962 c.
1136 2907 1183 2979 24,-
1204 2905 1250 2981 6):

138 3007 167 3060 τὸ
184 3007 310 3079 ποιητικὸν
327 3014 379 3060 τῶν
396 3006 536 3076 ὀνομάτων,
560 3006 605 3065 ita
631 3009 665 3066 ui
685 3013 716 3064 ei
736 3024 817 3064 nova
837 3005 984 3079 quaedam
1009 3007 1103 3065 verba
1122 3008 1250 3083 fingeret

139 3113 170 3168 et
189 3109 260 3168 aliis
282 3128 393 3169 novum
420 3111 451 3167 iu
476 3110 599 3168 modum
618 3114 764 3184 uteretur,
790 3114 889 3167 tamon
915 3109 954 3166 ab
980 3108 1105 3184 ingenio
1126 3109 1249 3185 linguae

140 3211 273 3272 Graecae
299 3213 573 3288 grammaticaeque
599 3213 675 3271 artis
701 3210 875 3287 praeceptis
896 3229 1058 3286 numquam
1085 3213 1248 3272 recederet.

140 3313 254 3373 Confer
286 3313 477 3374 Classenium
507 3315 552 3388 (in
583 3315 753 3391 prolegom.
784 3313 849 3372 edit
877 3314 903 3388 Ι,
933 3332 964 3389 p.
980 3316 1048 3389 89):
1087 3321 1191 3390 „Wenn
1222 3338 1250 3375 er

137 3425 268 3477 vietieiolrt
292 3425 373 3493 oster·
389 3426 431 3477 ala
455 3424 551 3494 iiyead
579 3424 622 3475 ein
648 3423 762 3476 anderes
788 3422 965 3491 yricolrieclrer
989 3421 1182 3487 Schriftatelicr
1208 3425 1250 3478 die

137 3525 241 3580 Neutro
262 3528 310 3580 der
328 3525 469 3594 Adjeotiva
494 3527 552 3578 rand
571 3525 723 3595 Particr'pia
746 3531 812 3577 statt
837 3525 884 3578 der
905 3523 1056 3577 abstractum
1076 3511 1249 3580 Scholastica

136 3628 282 3698 petroccio
300 3620 339 3691 (τὸ
356 3623 449 3686 πιστὸν,
467 3622 496 3676 τὸ
514 3622 601 3695 βραδὺ,
617 3623 647 3676 τὸ
664 3623 797 3695 τολμηρόν,
814 3622 843 3676 τὸ
862 3598 970 3685 ἐπιεικές,
987 3622 1016 3676 τὸ
1034 3621 1139 3693 ξυνετόν,
1161 3623 1190 3677 τὸ
1209 3624 1247 3678 δε-

138 3727 195 3786 διός,
213 3727 242 3780 τὸ
260 3725 416 3796 βουλόμενον,
438 3726 467 3780 τὸ
486 3725 648 3798 ὀργιζόμενον,
665 3727 694 3779 τὸ
707 3724 847 3793 ἐπιθυμοῦν,
859 3725 888 3778 τὸ
899 3723 1053 3794 θυμούμενον
1065 3745 1089 3780 u.
1102 3726 1177 3794 derql.
1195 3725 1246 3793 mi,

138 3852 166 3887 ao
183 3833 254 3903 yiebt
272 3833 326 3887 eicis
348 3834 428 3887 dario
448 3833 521 3886 nicht
540 3835 596 3888 ciue
615 3832 723 3888 Maaier
743 3835 806 3887 oder
827 3830 948 3902 Caprice,
968 3833 1081 3886 suadeta
1102 3834 1151 3887 dae
1170 3834 1248 3888 wohl·

138 3936 294 4005 bcyrrindete
313 3935 425 3990 Strebea
444 3936 526 4003 huod,
547 3938 589 3990 dic
609 3937 742 3991 abstracte
761 3935 964 4006 Altycmeinlreit
977 3935 1056 4006 jener
1068 3936 1184 4007 Beqrtffe
1197 3936 1248 4005 fiir

139 4040 189 4092 den
202 4040 334 4110 jadeumat
353 4039 538 4109 aoriieyeudea
557 4037 622 4092 Fau
641 4041 670 4091 iu
684 4042 747 4093 ,eine
760 4041 833 4093 mein·
844 4039 979 4110 yreisbare
992 4036 1073 4094 Forat
1088 4057 1122 4103 aa
1135 4039 1247 4107 letaidau,

136 4142 217 4198 roober'
234 4144 299 4198 doch
318 4146 411 4202 immer
432 4141 514 4195 durch
535 4142 584 4194 dae
597 4139 729 4195 Neutrum
749 4142 876 4213 diejeniye
893 4140 1115 4198 Unbeatimmtlreit
1125 4143 1247 4211 peterten

135 4247 213 4317 wirot,
234 4247 277 4300 die
298 4248 345 4301 der
364 4244 450 4300 Sache
470 4243 549 4299 selbot
566 4237 725 4298 achomat‘.
760 4307 762 4310 y
