2894 4704
617 372 831 432 ..18-

171 561 203 613 et
224 553 348 631 gravior
369 553 410 613 sit
431 570 519 629 quarn
541 555 669 631 simplex
688 555 811 614 verbum
832 558 864 614 et
884 555 959 613 satis
979 553 1089 629 brevis,
1112 553 1193 628 quod
1213 552 1283 612 Sal-

173 656 268 716 iustio
289 657 429 732 inprimis
449 657 609 733 placuerit,
634 675 695 716 non
722 658 891 716 mirandum
918 660 973 717 est.
994 688 1032 699 —
1052 656 1145 715 Alter
1169 657 1221 731 qui
1242 657 1283 714 ad

168 757 318 818 Graecum
351 777 436 818 usum
464 758 571 819 Dativi
603 760 739 835 pertinet
768 760 863 835 loeus,
893 760 1020 819 multum
1046 759 1084 818 ab
1111 758 1283 818 editoribus

167 880 324 938 nuperque
350 882 370 921 a
395 862 516 938 Dolega
544 866 671 922 vexatus
698 865 801 922 exstat
832 861 900 921 Cat.
931 865 978 935 20,
1009 864 1041 921 3:
1072 861 1163 936 „quia
1192 859 1284 918 vobis

166 965 270 1024 cadem
296 965 389 1024 mihi
415 966 496 1023 bona
523 965 661 1040 malaque
688 983 753 1023 esse
780 965 948 1026 intellexi“.
990 963 1041 1024 Stia
1066 964 1181 1039 scripta
1207 963 1284 1021 haec

168 1072 240 1125 sunt
260 1067 292 1124 iu
313 1066 488 1126 Nauariano
510 1074 541 1126 et
563 1066 772 1126 Commeliano
793 1066 898 1126 codice
918 1072 997 1126 teste
1013 1064 1157 1140 Grutero,
1179 1065 1211 1122 in
1232 1082 1284 1122 eo·

172 1168 239 1228 dice
268 1163 297 1229 m
322 1170 356 1244 (i.
385 1187 409 1229 e.
430 1147 611 1228 Monacensi
638 1170 744 1244 14777)
771 1175 849 1230 teste
874 1168 1045 1244 Dietschio,
1077 1169 1107 1226 in
1128 1168 1284 1227 Vaticano

168 1262 287 1346 quarto,
318 1272 491 1347 scriptaque
523 1276 594 1329 sant
624 1289 642 1330 a
677 1271 784 1331 Curtio
816 1278 846 1330 et
877 1271 1073 1346 sequentibus
1108 1270 1283 1329 editoribus

170 1390 265 1446 usque
286 1373 325 1431 ad
346 1373 510 1448 Kritzium,
532 1374 582 1446 qui
606 1372 745 1431 (tortium
765 1379 897 1448 accusat,
919 1375 1000 1448 quod
1023 1374 1165 1449 Crispum
1187 1370 1282 1430 Grae·

169 1474 270 1533 cismis
291 1475 445 1545 ditaverit,
466 1474 670 1548 affirmatque:
694 1476 768 1550 „qui
788 1493 861 1535 uero
882 1475 1019 1535 criticam
1039 1477 1090 1534 uia
1110 1478 1141 1534 et
1161 1475 1282 1533 ratione

167 1595 307 1637 exercere
328 1577 480 1652 didicerit,
501 1578 609 1637 merito
630 1579 846 1654 intemperanti
860 1578 917 1638 hac
931 1579 1096 1638 inusitatas
1112 1582 1282 1638 structuras

168 1679 319 1739 inferendi
341 1681 471 1740 libidine
491 1681 689 1741 abstinebit“.
723 1681 842 1740 Vereor
867 1683 1006 1756 equidem
1027 1701 1064 1742 ne
1085 1681 1282 1756 arrogantiae

167 1782 309 1842 videatur
342 1784 557 1844 auctoritatem
589 1783 760 1844 doctissimi
793 1784 852 1842 viri
889 1766 1082 1861 impugnare,
1120 1783 1173 1843 sed
1208 1783 1281 1842 mihi

166 1885 308 1944 Kritaius
328 1903 391 1944 nou
412 1886 529 1945 minore
550 1887 652 1945 studio
677 1886 819 1962 Crispum
846 1886 997 1946 liberandi
1020 1885 1204 1946 Graecismis
1227 1887 1282 1944 ab·

167 1992 273 2064 reptas
301 2006 366 2047 esse
392 1988 513 2049 videtur
540 2006 629 2063 quam
658 1988 782 2048 Gortius
808 1989 977 2066 eupiditate
1005 1989 1136 2048 ditandi.
1178 1989 1282 2063 Quare

168 2090 251 2164 quod
271 2090 409 2148 omuibus
430 2090 548 2150 viribus
564 2092 731 2167 ‚lectionem
755 2110 838 2152 suam
858 2093 983 2168 „eadem
1004 2110 1095 2169 quae
1111 2092 1210 2172 2mihi“
1229 2092 1282 2150 de·

166 2193 275 2269 fendit,
301 2211 364 2251 non
389 2192 492 2269 miror,
518 2212 554 2253 eo
581 2194 678 2270 magis
704 2202 805 2254 autem
832 2196 914 2271 quod
940 2195 1116 2256 Dietschius
1144 2214 1212 2254 eum
1236 2212 1281 2253 se·

169 2301 256 2354 cutus
271 2299 327 2370 est,
349 2296 401 2370 qui
416 2295 454 2355 de
468 2296 660 2372 praestantia
676 2297 789 2355 codicis
803 2296 970 2356 Nazariani
987 2299 1032 2357 ita
1045 2299 1162 2357 indicat
1175 2299 1218 2373 (p.
1234 2300 1282 2371 6):

169 2397 286 2472 „Quem
314 2398 424 2456 librum
451 2399 594 2473 quoniam
621 2396 829 2474 Nipperdeius
854 2399 969 2473 aliique
999 2400 1058 2458 viri
1089 2380 1173 2458 docti
1200 2400 1280 2457 tanti

169 2499 276 2574 fecere,
297 2504 331 2557 ut
351 2499 411 2557 nisi
433 2499 459 2558 is
480 2505 620 2575 repertus
641 2500 730 2575 foret,
759 2501 874 2560 nullam
901 2519 985 2578 spem
1005 2519 1070 2560 esse
1091 2501 1281 2594 dictitarent,

167 2601 335 2677 scripturas
356 2621 374 2662 a
389 2600 522 2661 Grutero
537 2605 681 2662 enotatas
692 2601 928 2678 diligentissime
943 2603 1100 2679 exscripsi,
1116 2621 1152 2662 ex
1169 2604 1280 2678 quibus

166 2704 225 2764 hoe
251 2705 324 2764 mihi
351 2705 505 2781 adparuit,
535 2710 724 2782 optumum
749 2725 815 2766 eum
841 2724 906 2767 esse
932 2714 963 2766 et
988 2706 1200 2782 dignissimum
1227 2707 1280 2780 qui

169 2807 374 2884 investigetur
394 2814 425 2866 et
444 2808 545 2868 denuo
566 2809 775 2885 exploretur“.
856 2835 858 2838 ⁴
964 2864 966 2867 ,

243 2911 324 2969 Utut
355 2928 403 2971 res
434 2928 466 2971 se
496 2910 598 2987 habet,
628 2912 701 2971 mihi
733 2912 854 2988 quidem
884 2919 916 2972 et
944 2911 1092 2971 brevitati
1118 2912 1219 2988 Crispi
1249 2919 1281 2971 et

169 3011 272 3071 studio
295 3011 481 3072 Graecorum
502 3013 718 3073 imitandorum
743 3015 904 3090 aptissima
929 3032 994 3073 esse
1015 3014 1137 3073 videtur
1158 3018 1280 3075 struc-

165 3122 251 3175 tura
265 3118 418 3175 nostrae
433 3115 632 3192 lectionis,
654 3117 834 3193 quamapud
846 3120 956 3193 poetas
967 3117 1060 3176 etium
1072 3115 1279 3177 Sallustianae
1300 3199 1301 3202 Ἴ

165 3217 277 3278 aetatis
303 3218 424 3294 saepius
451 3217 588 3285 inveniri
603 3226 709 3278 notum
735 3226 791 3296 est,
820 3219 859 3279 cl.
880 3219 991 3279 Horat.
1019 3223 1076 3279 art.
1103 3226 1185 3296 poet.
1211 3223 1280 3280 467.

165 3320 256 3380 ovid.
284 3319 392 3379 Amor.
418 3320 444 3394 I,
471 3325 546 3396 4,1.
572 3321 684 3384 Horat.
712 3321 807 3384 Serm.
828 3323 853 3398 1,
874 3326 903 3398 3,
931 3325 994 3384 122.
1023 3325 1142 3400 Zumpt.
1163 3324 1190 3398 ξ.
1212 3327 1279 3383 704.

166 3422 317 3483 Vechner.
339 3422 495 3482 Hellenol.
517 3443 546 3500 p.
569 3428 732 3486 aut-297.

244 3526 335 3600 Quod
361 3529 461 3592 autem
488 3527 609 3604 Dolega
635 3528 774 3603 affirmat,
805 3529 988 3587 reiciendum
1014 3529 1091 3587 hauc
1117 3528 1280 3587 lectionem

164 3646 239 3702 esse,
268 3631 339 3703 quia
354 3628 436 3701 >alis
461 3627 558 3687 dativi
585 3647 658 3687 usus
684 3630 766 3705 apud
786 3636 894 3706 poetas
919 3634 1037 3690 tantum
1059 3637 1089 3690 et
1111 3630 1279 3706 scriptores

164 3731 321 3807 pedestres
340 3729 580 3806 posterioris
600 3729 713 3790 aetatis
735 3730 917 3808 inveniatur,
937 3733 1012 3793 mihi
1033 3750 1095 3791 non
1117 3731 1192 3792 satis
1212 3733 1280 3792 ido-

166 3853 254 3894 neum
274 3833 395 3893 videtur
415 3832 454 3891 ad
476 3835 620 3892 tuendum
640 3834 716 3894 illud
738 3834 832 3908 Quae.
872 3834 945 3893 Non
968 3853 1081 3912 paucae
1103 3834 1183 3893 euim
1204 3842 1278 3894 suut

164 3936 410 3997 constructiones
432 3934 463 3993 in
484 3937 625 3996 oratione
647 3936 845 4012 Sallustiana,
868 3955 943 4013 quae
962 3957 1028 3998 cum
1042 3937 1143 4014 poetis
1159 3941 1279 3996 tanturn

163 4041 192 4099 ei
212 4057 383 4100 communes
403 4045 486 4113 suut,
510 4045 544 4098 ut
563 4040 729 4116 participia
748 4021 897 4116 „doctus“
913 4048 944 4101 et
958 4040 1122 4118 „paratus“
1145 4057 1210 4098 curn
1233 4040 1279 4098 in·

164 4143 283 4202 finitiva
305 4143 469 4202 coniuncta
490 4141 619 4218 aliaque.
652 4142 733 4202 Mihi
753 4151 854 4204 autem
874 4147 1046 4205 accuratius
1067 4142 1278 4204 consideranti

1296 3472 1306 3506 t
