2894 4704
580 384 792 474 -11'-

135 598 269 657 eiusdem
289 597 409 674 generis
430 599 510 670 sunt,
541 596 718 673 praedicata
738 593 852 670 eodem,
886 585 946 670 quo
968 595 1101 671 nomina,
1124 579 1243 670 'genera

134 706 299 776 ponantur.
1154 692 1159 704 ⁸

212 803 329 865 Contra
354 803 428 862 vide
458 804 544 872 locos
576 802 780 861 Sallustianos
812 801 879 876 Ing.
913 805 960 874 38,
991 805 1022 860 8:
1059 819 1120 859 nox
1152 808 1243 876 atque

133 905 248 981 praeda
269 908 438 964 castrorum
459 905 563 964 hostes
584 884 736 963 remorata
757 907 895 979 555552,
917 909 949 962 4:
976 905 1139 981 plerosque
1161 905 1242 964 velo·

134 1009 210 1067 citas
240 1014 270 1066 et
290 1009 376 1083 regio
404 1009 546 1067 hostibus
577 1009 686 1082 ignara
712 1012 904 1065 5555555555
925 1011 971 1082 68,
1003 1011 1034 1065 1:
1065 1007 1117 1065 ubi
1144 1007 1188 1065 ira
1214 1013 1245 1066 55

134 1110 295 1185 aegritudo
317 1112 468 1186 permixta
490 1117 561 1168 sunt
577 1111 643 1170 Cat.
665 1113 712 1184 20,
733 1113 765 1169 2:
788 1110 818 1167 ni
840 1109 937 1169 virtus
952 1111 1085 1184 fidesque
1108 1114 1245 1186 spectata

134 1213 208 1271 mihi
230 1213 340 1271 forent.

213 1315 284 1375 Hoc
320 1316 351 1373 in
389 1335 443 1374 usu
479 1323 644 1392 propterea
679 1316 858 1377 Sallustium
896 1317 1083 1393 Thucydidis
1118 1317 1245 1374 maxime

136 1420 305 1494 exemplum
343 1425 477 1477 secutum
515 1437 579 1478 esse
611 1423 766 1496 putamus,
800 1421 883 1494 quod
916 1421 996 1477 hunc
1030 1437 1103 1494 prae
1138 1418 1246 1477 ceteris

136 1522 274 1580 neutrius
295 1523 416 1597 generis
437 1521 655 1581 adiectivorum
682 1526 713 1581 et
732 1522 965 1598 participiorum
986 1527 1135 1579 amantem
1155 1521 1247 1580 fnisse

136 1624 326 1683 notissimum
358 1629 421 1698 cst,
458 1625 502 1681 ita
537 1631 570 1683 nt
608 1624 791 1683 Graecorum
826 1624 961 1699 ipsorum
1000 1623 1141 1682 licentiae
1173 1625 1247 1681 fines

135 1727 301 1802 aliquoties
322 1728 586 1802 transgrederetur
608 1727 788 1802 saepiusque
810 1727 848 1784 ad
863 1730 1096 1800 unnm'quoque
1118 1727 1249 1783 vocabu·

136 1831 197 1889 lum
225 1829 364 1889 feminini
390 1829 511 1904 generis
539 1837 678 1888 neutrum
704 1829 832 1888 referret
856 1830 894 1890 cf.
916 1834 942 1904 1,
970 1833 1016 1900 10,
1044 1833 1069 1887 1.
1102 1834 1127 1903 1,
1154 1830 1202 1901 95,
1222 1831 1249 1886 3.

137 1936 165 2007 3,
186 1936 232 2008 37,
256 1938 281 1992 1.
312 1936 340 2007 3,
361 1936 407 2005 29,
429 1935 455 1990 3.
487 1934 514 2004 5,
536 1937 581 2006 71,
605 1936 618 1988 1
643 1938 673 1990 55
693 1932 836 2008 Poppon.
858 1932 883 2005 Ι,
906 1936 931 2006 1,
954 1950 983 2007 p.
996 1933 1157 1990 105-108.

148 2066 150 2071 ·
214 2034 274 2092 Sed
296 2042 331 2094 ut
356 2037 394 2093 ad
417 2034 662 2093 coniunctionem
690 2035 818 2093 subiecti
840 2053 905 2092 cunr
927 2033 1116 2110 praedicato,
1143 2051 1161 2090 a
1190 2050 1249 2107 qua

137 2136 256 2196 initium
278 2137 367 2195 huius
396 2136 582 2212 quaestionis
609 2138 752 2211 cepimus,
785 2147 980 2211 revertamur,
1012 2136 1105 2194 etiam
1126 2137 1249 2193 verbum

137 2240 174 2297 ad
186 2241 395 2315 praedicatum
410 2240 639 2298 accomodatum
653 2239 765 2314 Poppo
783 2239 814 2295 in
827 2236 1011 2296 Graecismis
1023 2255 1060 2295 ex
1072 2237 1249 2312 Thucydide

136 2342 242 2418 petitis
270 2345 417 2400 numerat.
471 2341 555 2414 Quae
589 2341 709 2414 quidem
740 2344 899 2399 structura
917 2341 1060 2414 frequens
1092 2346 1138 2397 est
1168 2339 1249 2414 apud

137 2451 298 2517 utrumque
326 2442 505 2519 scriptorem
532 2445 567 2502 cs.
596 2444 694 2502 locum
725 2462 818 2519 supra
845 2443 999 2501 laudatum
1025 2431 1094 2518 lug.
1122 2447 1167 2516 18,
1199 2446 1250 2500 ll:

140 2565 194 2622 „ea
216 2547 294 2618 loca,
316 2563 393 2619 quae
416 2579 447 2588 —
471 2545 618 2603 Numidia
632 2546 826 2621 appellatur“
843 2545 909 2619 (ubi
923 2546 1076 2603 Kritzinm
1098 2544 1250 2620 conferas)

139 2656 169 2708 et
189 2648 327 2724 inprimis
348 2649 380 2705 in
402 2648 569 2706 enuntiatis
597 2647 822 2722 comparativis,
846 2648 898 2704 nbi
920 2649 1105 2706 attractione
1127 2648 1250 2705 verbum

139 2752 177 2810 ad
198 2770 270 2824 rem,
304 2769 380 2824 qnae
407 2751 630 2825 comparationi
654 2749 791 2818 inservit,
820 2749 959 2819 refertur,
991 2752 1026 2806 ut
1053 2748 1120 2808 Cat.
1146 2750 1193 2820 25,
1219 2751 1249 2806 3:

141 2853 201 2912 Sed
237 2855 265 2912 ei
301 2853 420 2911 cariora
451 2870 569 2927 semper
606 2851 708 2910 omnia
739 2868 828 2925 quarn
858 2851 948 2909 decus
982 2853 1073 2924 atquc
1099 2850 1252 2926 pudicitia

141 2957 208 3015 fuit.
254 2956 321 3030 Ing.
348 2957 395 3028 50,
421 2960 452 3015 6:
485 2953 540 3012 Sin
567 2953 771 3030 opportunior
792 2954 881 3028 fugae
914 2953 1002 3011 collis
1035 2970 1123 3027 quam
1149 2952 1251 3033 ¹campi

142 3058 262 3116 fuerant
289 3061 334 3132 74,
361 3060 393 3116 3:
425 3057 521 3132 magis
554 3058 647 3132 pedes
674 3073 762 3130 quam
788 3073 871 3113 arma
902 3061 1002 3114 tutata
1027 3059 1098 3112 sunt
1125 3054 1250 3129 (quibus

141 3160 260 3218 duobus
286 3160 363 3219 locis
390 3161 481 3220 lectio
510 3160 604 3219 dubia
629 3159 688 3233 est)
714 3159 751 3219 cf.
779 3158 948 3234 Thucydid.
975 3162 1002 3230 4,
1032 3161 1096 3217 102.
1128 3160 1155 3232 3,
1185 3159 1250 3216 112.

140 3267 167 3338 4,
189 3266 234 3324 26.
267 3267 294 3338 8,
316 3267 343 3323 9.
375 3266 401 3339 3,
423 3265 470 3322 93.
502 3264 530 3334 3,
553 3265 617 3318 114.

225 3364 337 3423 'l'amen
360 3382 421 3423 non
442 3368 523 3422 reete
544 3363 622 3420 hane
643 3363 858 3421 attractionem
877 3362 925 3420 vel
947 3360 1254 3420 accommodationem

142 3467 227 3527 verbi
248 3468 286 3526 ad
308 3465 515 3542 praedicatum
536 3465 568 3522 in
585 3463 768 3523 Graecismis
789 3464 972 3539 aPoppone
993 3464 1142 3521 numerari
1164 3481 1200 3522 ex
1215 3482 1251 3522 55

142 3574 284 3645 apparet,
310 3568 392 3641 quod
406 3567 566 3642 Zumptius
587 3567 678 3624 docet
698 3567 724 3643 ξ.
746 3569 815 3640 389,
837 3565 957 3641 saepius
978 3561 1108 3623 sortasse
1128 3567 1252 3623 verbum

143 3689 269 3731 numero
290 3670 460 3746 praedicati
474 3669 609 3744 positum
624 3668 755 3726 inveniri
777 3674 807 3726 55
822 3666 957 3741 regulam
978 3684 1053 3740 esse,
1075 3674 1109 3725 ut
1129 3669 1252 3726 verbum

142 3775 181 3832 ad
202 3774 373 3848 proximum
395 3772 617 3831 substantivum
638 3771 797 3835 referatur,
826 3771 889 3828 siva
916 3769 974 3828 hoc
1000 3770 1167 3828 subiectum
1189 3770 1252 3829 sive

143 3874 352 3950 praedicatum
374 3874 423 3934 sit.

222 3976 334 4034 Restat
354 3981 388 4034 ut
408 3975 446 4033 de
466 3974 618 4034 adverbiis
645 3992 712 4032 cum
736 3974 829 4032 verbo
850 3973 926 4031 Esse
952 3973 1125 4032 coniunctis
1143 3972 1252 4045 dicam.

144 4079 260 4139 Netum
281 4082 329 4137 est
349 4077 528 4137 Sallustium
548 4076 604 4134 tali
625 4077 715 4134 modo
737 4093 884 4150 usurpare
906 4075 1081 4134 adverbium
1102 4075 1253 4149 „frustra“

146 4183 212 4258 rag.
234 4187 261 4257 r,
291 4185 318 4242 5.
349 4185 396 4255 ar,
419 4184 444 4238 1.
476 4182 521 4255 ra,
548 4183 574 4239 r.
603 4180 650 4253 aa,
678 4183 703 4239 1.
736 4181 800 4252 112,
822 4181 848 4236 a
869 4179 915 4252 aa,
942 4182 969 4239 5.
999 4175 1082 4235 nist.
1104 4178 1130 4250 3,
1157 4180 1204 4253 ar,
1225 4181 1251 4239 a
