2894 4704
612 377 824 437 ..41-

164 557 274 617 deiude
299 557 406 618 Cicero
429 557 679 633 frequentissime.
731 558 790 617 Sed
818 562 984 622 notandum
1010 567 1059 622 221
1079 563 1136 622 1222
1157 567 1275 624 tantum

165 660 198 729 12
219 660 358 719 formulis
380 662 609 736 praeteritionis
630 663 677 720 vel
699 664 910 737 occupationis
933 664 1006 738 6221,
1028 683 1094 724 cum
1109 664 1275 725 Sallustius

166 781 226 820 222
248 763 338 821 modo
361 763 391 821 iu
413 764 460 823 his
482 765 620 824 formulis
647 764 700 824 sed
721 765 811 824 211222
833 767 935 824 multis
960 766 1030 825 21112
1053 767 1129 826 12212
1148 769 1187 826 ad
1209 787 1275 829 scu·

166 865 292 924 tentiam
315 865 464 939 quandam
487 867 687 945 supplendam
708 868 862 942 particula
882 869 1000 942 ‚,Num“
1022 873 1127 929 utatur
1147 871 1185 931 cf.
1207 871 1274 930 Cat.

165 971 211 1041 22,
243 970 287 1026 24,
330 958 376 1042 22,
406 972 453 1029 ao.
493 969 560 1045 lug.
590 974 636 1042 22,
662 972 689 1029 2.
734 974 782 1045 22,
807 973 833 1029 5.
880 974 927 1045 22,
957 975 984 1030 2.
1024 975 1072 1047 22,
1103 977 1130 1034 2.
1170 979 1216 1045 22,
1247 978 1275 1034 2.

164 1074 211 1145 22,
233 1072 260 1131 a.
303 1074 365 1145 222,
389 1076 433 1130 rr.
474 1071 545 1133 nist.
566 1077 594 1147 4,
616 1076 662 1146 cr,
684 1077 730 1132 22.

243 1172 360 1232 Similis
387 1175 440 1233 sed
465 1174 649 1236 insolentior
673 1177 766 1252 paulo
794 1176 826 1235 12
853 1184 981 1253 utraque
1009 1178 1116 1253 lingua
1135 1186 1184 1248 est
1203 1200 1275 1240 usus

166 1276 398 1351 particularum:
438 1277 553 1337 Tamen
583 1285 614 1336 21
638 1277 715 1348 ὅμως.
770 1279 864 1356 Apud
894 1280 1066 1343 Romanum
1096 1282 1276 1359 scriptorem

166 1379 280 1455 septies
315 1379 397 1453 (Cat.
430 1382 475 1453 19,
509 1384 536 1441 2.
582 1383 629 1455 39,
662 1384 689 1442 2.
730 1386 777 1456 24,
797 1386 824 1442 2.
864 1386 911 1458 26,
945 1389 971 1445 2.
1013 1391 1061 1459 41,
1094 1391 1120 1446 7.
1167 1391 1214 1461 57,
1248 1391 1277 1447 4.

167 1482 233 1558 Iug.
258 1486 306 1557 20,
332 1482 373 1558 6),
403 1483 484 1559 apud
507 1481 654 1551 Graecum
685 1485 848 1544 duodecies
880 1487 983 1547 iuveni
1015 1488 1053 1563 (3,
1083 1493 1130 1549 49.
1170 1492 1198 1564 3,
1229 1493 1276 1549 28.

167 1590 194 1654 3,
224 1591 271 1645 80.
311 1590 339 1659 4,
368 1590 416 1647 96.
456 1588 483 1658 5,
513 1589 560 1649 61.
602 1591 629 1662 6,
660 1593 705 1649 70.
747 1595 773 1665 7,
808 1593 832 1651 1.
874 1594 901 1664 7,
931 1594 977 1651 46.
1023 1595 1050 1665 7,
1085 1594 1131 1650 57.
1172 1596 1200 1665 7,
1231 1596 1276 1652 77.

166 1695 194 1764 8,
215 1692 262 1749 29.
303 1693 330 1763 8,
351 1688 412 1762 97).

247 1791 388 1851 Ceterum
413 1793 488 1852 haec
517 1791 639 1851 dicendi
661 1793 741 1853 ratio
769 1800 957 1870 quantopere
983 1797 1169 1873 respondeat
1195 1797 1277 1856 relo-

165 1895 252 1954 citati
267 1895 314 1952 illi
329 1894 493 1954 immortali
507 1894 676 1970 cogitandi,
698 1913 767 1971 qua,
789 1914 866 1972 quae
881 1897 969 1957 facile
985 1899 1121 1974 cogitari
1135 1904 1276 1975 possunt,

167 1997 360 2071 omittuntur,
386 1996 439 2055 vix
466 2013 544 2073 opus
569 2001 617 2056 221
641 1998 813 2059 admonere.
867 1999 1079 2060 Confitendum
1105 2008 1205 2062 autern
1231 2007 1279 2063 est

166 2102 279 2176 figuras
295 2101 365 2160 illas
380 2101 440 2174 (ἀπὸ
458 2106 542 2156 κοινοῦ
565 2107 596 2159 21
609 2103 746 2177 zeugma)
761 2109 792 2162 et
806 2103 987 2163 omissiones
1003 2105 1135 2164 omnium
1149 2105 1277 2180 scripto·

166 2221 231 2261 rum
251 2204 394 2280 proprias
410 2225 485 2281 2222,
507 2210 558 2282 qui
580 2206 726 2267 brevitati
748 2207 880 2266 student.
917 2206 986 2280 Qua
1006 2211 1135 2283 propter
1153 2207 1278 2266 difficile

166 2311 214 2365 221
233 2306 410 2390 diiudicare,
432 2316 532 2368 utrum
542 2311 623 2375 talia
643 2309 681 2369 ad
696 2309 897 2368 imitationem
918 2308 1077 2369 referenda
1098 2309 1161 2368 siut
1174 2327 1277 2370 22222.

247 2411 337 2485 Quod
352 2412 600 2488 supradiximus,
622 2412 802 2472 Sallustium
817 2410 993 2470 artificiosis
1007 2411 1144 2487 periodis
1159 2412 1277 2487 neglec-

167 2514 207 2572 tis
228 2533 319 2590 saepe
340 2515 499 2574 enuntiata
513 2516 579 2575 2122
599 2516 796 2593 copulatione
818 2515 904 2573 iuxta
924 2515 1087 2589 collocare,
1108 2514 1196 2574 multi
1218 2514 1279 2572 iam

167 2617 225 2675 riri
246 2617 330 2675 docti
344 2618 632 2680 animadverterunt.
668 2619 758 2692 Quod
772 2637 868 2693 genus
889 2618 1011 2677 dicendi
1025 2635 1092 2676 cum
1113 2617 1276 2694 praecipue

168 2720 250 2795 apud
266 2720 414 2780 Catonem
436 2719 609 2779 inveniatur
630 2722 680 2795 (cl.
699 2721 820 2780 Deltur.
841 2739 871 2796 p.
886 2721 1026 2794 26-32),
1048 2719 1100 2793 qui
1114 2720 1160 2778 ita
1179 2720 1278 2778 breri-

167 2825 231 2881 tate
252 2822 384 2897 excellit,
410 2829 444 2881 ut
469 2823 636 2882 Sallustius
661 2827 827 2900 propterea
854 2842 920 2883 eum
946 2822 1051 2882 laudet
1076 2822 1161 2896 (hist.
1191 2826 1217 2896 1,
1237 2825 1278 2896 2),

169 2927 255 2985 multi
282 2926 449 2986 rectissime
470 2926 730 3001 existimaverunt,
758 2925 887 2987 Catonis
913 2926 1082 3002 exemplum
1108 2925 1165 2984 hac
1190 2925 1221 2983 12
1245 2943 1277 2984 22

169 3047 234 3088 eum
256 3033 390 3089 secutum
410 3047 485 3088 2222.
525 3030 575 3088 112
599 3029 753 3090 Lawsius:
784 3029 971 3103 „Sallustius
993 3029 1025 3086 iu
1051 3027 1190 3088 oratioue
1217 3029 1279 3087 for·

169 3131 278 3190 manda
298 3132 338 3191 ad
353 3132 522 3208 exemplum
536 3132 732 3207 antiquorum
747 3133 932 3209 scriptorum
947 3149 1104 3208 regressus
1127 3119 1160 3189 ei
1171 3131 1279 3190 horum

169 3234 291 3292 dicendi
312 3252 408 3308 genus
429 3240 476 3293 221
495 3236 637 3293 22221221(
658 3235 695 3294 21.
716 3236 900 3293 Β22222221.
921 3253 951 3310 p.
967 3237 1091 3295 58-49.

248 3337 435 3411 Quamquam
456 3336 568 3395 similia
587 3337 669 3412 apud
686 3337 893 3413 Thucydidem
913 3339 1045 3406 exstant,
1065 3335 1151 3394 cuius
1172 3335 1278 3394 brevia

170 3441 266 3498 incisa
286 3439 405 3497 librarii
426 3457 518 3514 saepe
545 3440 576 3498 12
603 3438 764 3516 periodum
790 3439 928 3514 redigere
955 3439 1052 3496 frusta
1078 3438 1181 3496 222211
1208 3443 1280 3496 2221

170 3544 221 3619 (21.
242 3544 385 3618 Poppon.
406 3561 436 3617 p.
451 3544 531 3618 291),
544 3547 644 3602 tamen
666 3544 698 3601 12
719 3543 767 3601 his
788 3541 932 3600 brevibus
953 3540 1125 3599 enuntiatis
1148 3541 1278 3598 tormen-

170 3646 218 3704 dis
248 3645 337 3704 valde
362 3646 482 3704 differre
513 3646 618 3704 ambos
648 3646 814 3721 scriptores
844 3651 932 3720 puto.
984 3641 1176 3718 Thucydides
1200 3641 1280 3701 enim

171 3754 318 3807 2222212
349 3755 403 3806 aut
427 3748 532 3807 dedita
562 3767 656 3824 opera
686 3749 821 3806 abstinet
851 3746 1025 3806 artificiosis
1050 3745 1197 3822 periodis,
1227 3743 1280 3803 sed

172 3852 244 3925 quia
263 3870 300 3910 ex
321 3870 456 3912 sermone
471 3853 590 3928 vulgari
612 3870 707 3928 genus
722 3850 843 3909 dicendi
864 3851 903 3908 ad
923 3849 1083 3910 historiam
1098 3847 1278 3906 narrandam

172 3957 275 4030 aptum
296 3955 425 4014 formare
457 3955 625 4029 cogebatur
645 3953 829 4026 omninoque
861 3953 955 4011 multa
981 3953 1009 4011 ei
1036 3951 1168 4010 advorsa
1193 3954 1281 4008 erant

172 4056 203 4113 in
223 4056 299 4114 duro
320 4056 419 4114 adhuc
439 4060 471 4116 et
490 4053 619 4115 inhabili
641 4056 815 4114 Atticorum
836 4072 973 4114 sermone
993 4053 1142 4130 podestri.
1177 4052 1279 4126 Quare

176 4159 285 4219 Cicero
306 4158 407 4236 (Orat.
433 4158 460 4238 ᾖ.
481 4156 551 4233 234)
576 4157 677 4220 dicere
702 4162 839 4236 poterat:
868 4157 925 4232 „lu
952 4155 1129 4238 Thucydide
1157 4155 1279 4218 orbam
