2894 4704
595 339 821 433 “2⁹34-

227 521 349 596 ,Etiam
374 521 464 580 huius
491 520 535 579 rei
559 525 668 580 auctor
692 521 719 578 ei
746 519 938 595 Thucydides
966 521 1119 583 exstitisse
1146 522 1276 596 ridetur,

165 623 216 698 qui
232 624 406 699 saepissime
423 625 593 683 orationem
608 623 707 682 variat
721 625 907 682 transeundo
929 624 960 680 in
980 623 1064 682 aliud
1078 643 1174 701 genus
1189 627 1276 694 verbi

164 726 370 800 mutandaque
403 727 539 785 subiecto
571 727 608 787 ef.
642 731 667 799 1,
698 732 744 786 51.
776 729 803 801 3,
835 730 881 785 75.
913 732 941 792 4,
974 731 1037 786 108.
1087 728 1221 804 Poppon
1251 729 1276 803 l,

166 832 234 904 ip.
256 831 416 888 raa-183.
610 811 611 814 ‘

230 931 279 994 ,Iu
294 930 390 989 modis
405 938 505 990 antem
526 931 681 989 variandis
695 931 800 990 miram
815 930 956 991 Sallustii
977 938 1072 992 artem
1092 952 1157 993 esse
1172 952 1277 992 omnes

164 1032 236 1106 fere,
262 1033 314 1108 qui
339 1033 508 1110 degenere
535 1035 600 1093 eins
622 1034 743 1092 dicendi
765 1035 960 1111 scripserunt,
985 1036 1275 1096 animadverterunt.

165 1137 270 1210 Atque
292 1143 326 1195 ut
345 1138 383 1196 dc
404 1138 566 1196 infinitivis
580 1137 688 1209 dicam,
709 1138 835 1196 maxime
856 1139 911 1197 illa
925 1158 973 1197 ars
988 1140 1125 1209 cernitur
1137 1140 1174 1196 iis
1189 1140 1278 1213 loeis,

164 1240 217 1298 ubi
239 1239 417 1316 infinitivus,
440 1259 528 1316 quem
548 1241 655 1299 dicunt
668 1241 854 1317 historicum,
876 1243 992 1319 excipit
1007 1244 1130 1301 verbum
1149 1243 1278 1301 finitum.

166 1341 226 1400 Sed
248 1361 314 1402 cum
334 1343 505 1402 huiusmodi
533 1361 606 1401 usus
632 1345 724 1420 plane
743 1343 926 1403 Latinorum
951 1345 1095 1420 proprius
1118 1346 1278 1419 sitneque
1328 1328 1329 1332 Ἰ

164 1446 202 1504 ad
224 1451 358 1506 nostram
381 1447 590 1522 quaestionem
610 1447 776 1522 pertineat,
804 1447 977 1505 omittamus
998 1449 1035 1506 de
1058 1467 1094 1506 eo
1116 1449 1208 1523 plura
1227 1448 1280 1506 ad·

166 1549 247 1609 dere.
287 1526 390 1624 Magis
412 1556 512 1609 autem
534 1549 720 1608 Graecorum
746 1567 811 1608 esse
834 1550 955 1609 videtur
984 1569 1020 1609 ex
1042 1552 1233 1611 nominativo
1254 1570 1281 1610 c.

166 1652 220 1710 inf.
243 1652 372 1711 transire
394 1653 425 1710 in
446 1653 651 1727 accusativum
672 1670 697 1712 c.
720 1653 785 1726 inf,
807 1653 889 1727 quod
909 1654 1096 1729 aliquotiens
1115 1655 1196 1730 apud
1212 1653 1280 1712 Sal-

166 1755 291 1814 lustium
311 1756 376 1814 fieri
396 1756 543 1830 videmus,
564 1758 607 1815 ut.
630 1754 696 1814 eat.
721 1758 766 1830 15,
787 1758 819 1814 2:
843 1756 1025 1830 „Postremo
1047 1765 1155 1834 eaptus
1177 1775 1280 1816 amore

119 1842 125 1849 ’
166 1857 311 1917 Aureliae
333 1857 499 1918 Orestillae
521 1892 556 1900 —
578 1876 635 1933 pro
663 1863 747 1916 certo
774 1859 909 1918 ereditur
936 1866 1043 1919 necato
1069 1861 1132 1918 filio
1155 1879 1281 1919 vacuam

166 1960 287 2020 domum
299 1953 436 2021 scelestis
450 1959 566 2037 nuptiis
582 1961 708 2018 fecisse“
722 1961 840 2034 qualem
853 1969 1036 2021 structuram
1046 1970 1127 2022 recte
1138 1964 1281 2022 Kritzius

165 2068 198 2124 in
220 2065 412 2124 anacoluthis
434 2071 572 2124 numerat
593 2063 728 2138 dicitque
754 2083 819 2124 eum
845 2065 889 2125 ita
909 2066 1067 2125 admisisse
1089 2065 1280 2140 Sallustium,

165 2173 228 2245 „ut,
248 2164 319 2228 'eum
349 2168 519 2227 orationem
546 2168 637 2227 talem
663 2168 823 2243 ordiretur,
850 2186 926 2243 quae
956 2169 1143 2227 nominativo
1172 2187 1195 2226 c.
1224 2168 1279 2228 inf.

167 2275 333 2345 constaret,
353 2271 463 2330 deinde
484 2278 613 2348 propter
633 2272 818 2348 interposita
844 2270 972 2330 subiecti
1001 2271 1115 2329 oblitus
1141 2272 1172 2329 iu
1193 2265 1281 2330 aeeuss

165 2375 296 2433 sativum
322 2392 346 2432 e.
368 2373 422 2434 inf.
453 2375 598 2432 transiret
628 2393 665 2432 ex
693 2374 876 2448 „Creditur“
907 2376 1001 2433 verbo
1033 2373 1282 2448 impersonaliter

165 2478 269 2554 posito
292 2476 504 2551 pendentem“.
531 2475 611 2535 Nam
633 2476 726 2535 mullo
748 2481 838 2551 paeto
860 2476 921 2534 dici
941 2482 995 2534 aut
1015 2476 1151 2534 construi
1173 2495 1280 2552 posse:

165 2580 322 2656 „Catilina
342 2586 449 2656 captus
470 2599 527 2656 pro
549 2589 633 2639 certo
656 2580 792 2639 ereditur
812 2579 950 2637 secisse“.

244 2682 360 2742 Similis
386 2683 583 2742 anacoluthia
609 2687 655 2743 est
679 2683 746 2759 Ing.
776 2685 822 2758 85,
849 2685 881 2742 2:
908 2680 989 2757 „Sed
1016 2682 1088 2740 mihi
1116 2688 1223 2740 eontra
1244 2700 1282 2741 ea

167 2787 302 2861 videtum
328 2805 396 2846 nam
422 2805 482 2861 quo
508 2786 607 2863 pluris
633 2793 680 2846 est
706 2788 851 2846 univorsa
876 2803 924 2845 res
951 2784 1075 2860 publica
1101 2803 1189 2860 quam
1210 2803 1284 2844 con·

166 2892 283 2951 sulatus
305 2894 359 2949 aut
379 2897 533 2967 praetura,
554 2909 590 2950 eo
613 2891 725 2949 maiore
752 2908 824 2948 eura
849 2890 933 2948 illam
959 2873 1168 2948 administrari
1190 2906 1280 2963 qnam

165 2995 240 3054 haec
261 2995 325 3070 peti
348 2994 486 3052 deberet
523 2993 570 3052 Ol.
591 2995 691 3052 locum
707 2992 936 3070 Thucydidcum
958 2990 1181 3051 memorabilem
1205 2996 1230 3066 l,
1245 2995 1281 3050 3:

172 3097 242 3152 δοκεῖ
257 3097 327 3166 δέμον
344 3125 378 3134 -
397 3097 453 3151 οὐδὲ
475 3091 585 3164 τοὺνομα
607 3101 682 3150 τοῦτο
705 3094 818 3164 &pansa
840 3115 880 3148 πω
904 3094 968 3168 εἶχεν
986 3121 1019 3133 ·-
1038 3096 1100 3149 ἀλλὰ
1120 3095 1152 3148 τὰ
1172 3096 1216 3163 μὲν
1233 3096 1283 3169 πρὸ

167 3198 290 3273 Ἕλληνος
308 3203 353 3254 τοῦ
371 3198 541 3258 Δευκαλίωνος
562 3200 603 3251 καὶ
626 3201 689 3252 πάνυ
709 3198 765 3252 osae
783 3198 842 3252 εἶναι
859 3199 875 3269 ἡ
894 3199 1024 3270 ἐπίκλησις,
1044 3200 1109 3253 κατὰ
1126 3197 1184 3270 ἔθνη
1203 3197 1283 3251 δὲ-

169 3306 212 3377 ἀφ’
230 3306 325 3358 ἑαυτῶν
347 3305 392 3374 τὴν
415 3303 554 3372 ἐπωνυμίαν
570 3300 773 3375 παρέχεσθαι-
789 3301 845 3356 καθ’
871 3303 988 3360 ἑκάστους
1011 3303 1055 3369 μὲν
1077 3302 1125 3373 ἤδη
1148 3289 1181 3373 τῇ
1200 3300 1283 3368 ὁμιλίᾳ

166 3405 294 3460 καλεῖσθαι
308 3403 440 3478 “maras
477 3404 511 3463 Si
532 3405 703 3464 accuratius
718 3405 806 3463 ambo
821 3407 1040 3479 comparantur
1058 3403 1128 3476 loci,
1150 3422 1210 3460 non
1226 3422 1281 3479 po·

171 3512 233 3567 test
253 3509 367 3585 fugere,
390 3527 478 3583 quam
502 3508 615 3567 similes
637 3506 700 3566 siut
720 3511 898 3566 structurae.
927 3506 1049 3565 Etenim
1071 3517 1137 3564 eum
1157 3506 1283 3563 verbum

174 3611 335 3685 ,‚videtur“
357 3618 389 3670 et
408 3613 475 3666 δοκεῖ
492 3613 561 3680 δέμον
581 3615 635 3669 aut
655 3610 754 3669 oratio
776 3614 859 3668 recta
880 3612 934 3667 aut
947 3609 1117 3667 infinitivus
1133 3608 1217 3683 sequi
1231 3610 1283 3667 de·

172 3715 252 3788 beat,
284 3716 443 3788 utrumque
474 3731 570 3788 genus
596 3713 717 3771 dicendi
746 3713 912 3788 scriptores
943 3711 1142 3784 confundunt,
1185 3711 1280 3770 Cuius

174 3815 316 3874 licentiae
347 3817 484 3892 exempla
516 3814 654 3890 equidem
684 3816 764 3873 haud
796 3815 859 3872 scio
890 3833 928 3872 an
955 3815 1041 3890 apud
1074 3814 1189 3873 nullum
1216 3812 1282 3872 Sal·

173 3919 326 3978 lustianae
347 3919 458 3978 aetatis
479 3919 571 3976 alium
594 3919 773 3994 scriptorem
794 3918 988 3976 inveniantur
1009 3918 1111 3991 itaque
1126 3935 1182 3993 pro
1198 3923 1282 3974 certo

173 4022 393 4099 affirmaverim,
413 4023 471 4081 hoc
492 4021 560 4080 loeo
577 4020 755 4080 Sallustium
778 4022 948 4081 orationem
970 4040 1053 4079 suam
1075 4020 1281 4079 conformasse

173 4125 211 4186 ad
233 4125 381 4185 Graecum
402 4125 579 4201 exemplum.
