2894 4704
575 333 792 439 ..132

211 556 318 634 Atque
334 557 384 629 hio
399 559 521 634 quidem
536 560 761 619 memorandum
775 546 904 637 videtur,
926 562 1101 640 saepissime
1117 564 1244 641 scripto·

133 679 199 721 rem*
223 662 321 722 solere
352 663 468 740 verbis,
501 663 679 737 quibuscum
710 664 787 722 alias
818 665 1008 724 accusativus
1038 665 1244 743 coniungitur,

132 764 273 826 absolute
295 766 350 843 uti,
377 768 498 843 quando
526 767 678 826 obiectum
704 766 793 826 facile
819 768 957 844 suppleri
984 772 1098 844 potest.
1147 770 1242 830 Recte

133 866 257 944 Dolega
277 869 392 929 refellit
412 870 566 930 Vechneri
586 870 772 946 opinionem,
801 869 853 944 qui
875 870 977 930 omnia
996 872 1071 932 haec
1092 891 1127 932 en
1150 871 1243 933 Grae·

135 988 238 1030 corum
254 989 310 1030 usu
326 973 471 1051 illustrat,
495 974 577 1051 apud
592 991 668 1048 quos
689 975 771 1033 hunc
785 992 897 1033 morem
912 975 1008 1035 multo
1029 975 1122 1035 latius
1137 981 1243 1052 patere

134 1075 324 1134 notissimum
345 1082 400 1136 est.
448 1077 653 1153 Frequentius
674 1083 775 1137 tamen
800 1083 831 1136 et
851 1077 1035 1138 insolentius
1057 1098 1146 1156 quam
1166 1080 1244 1139 alius

135 1172 294 1257 q'uisquam
308 1180 490 1240 Latinorum
510 1179 677 1240 Sallustius
697 1180 754 1239 hac
774 1183 916 1243 libertate
938 1183 1043 1244 utitur.
1089 1184 1139 1243 Ita
1159 1202 1243 1242 usnr·

133 1291 261 1361 pantur:
283 1284 475 1359 ‚‚invadere“,
497 1285 578 1359 quod
600 1285 679 1343 idem
700 1285 801 1346 valere
822 1290 915 1362 atque
935 1287 1130 1346 vernaculum
1151 1293 1244 1365 „alben

133 1387 334 1464 laadacbmea“
360 1389 419 1447 iam
444 1387 569 1448 (lortius
595 1388 722 1463 monuit,
751 1387 818 1449 Cat.
839 1391 866 1464 2,
893 1391 919 1449 5.
949 1393 1023 1464 lot.
1048 1388 1117 1466 Ingss
1141 1395 1189 1465 41,
1216 1394 1243 1451 9.

135 1488 307 1564 ‚,iucssere“
323 1490 389 1550 (lat.
411 1496 438 1566 7,
453 1494 479 1552 3.
510 1491 578 1567 lug.
600 1495 645 1567 13,
667 1497 694 1553 7.
716 1496 764 1566 41,
778 1495 805 1552 3.
834 1491 900 1552 Get
924 1496 968 1567 13,
983 1496 1010 1552 3.
1040 1493 1242 1569 ,‚degustare“

137 1592 204 1654 (lat.
225 1596 272 1670 22,
293 1597 320 1653 2.
347 1594 515 1670 ‚,mittere“.

213 1697 300 1757 Haec
321 1696 423 1757 omnia
443 1715 522 1756 mere
544 1697 659 1756 Latina
686 1703 757 1757 sunt
777 1716 884 1773 neque,
914 1705 949 1758 ut
969 1699 1072 1759 forsan
1094 1698 1245 1776 quispiam

134 1801 262 1877 putarit,
284 1801 471 1876 „luvodere“
493 1805 525 1860 et
538 1799 728 1876 ‚‚iucessere“
749 1802 954 1878 comparanda
976 1806 1047 1863 sunt
1067 1821 1134 1862 cnm
1149 1801 1244 1862 Grae·

136 1904 179 1962 cis
205 1903 306 1964 verbis
333 1905 532 1965 aVcchnero
560 1905 672 1969 allatis.
720 1905 767 1965 Ol.
792 1905 939 1982 Draeger.
965 1907 991 1982 1,
1016 1925 1045 1983 p.
1061 1909 1131 1967 370:
1162 1911 1246 1981 „Dira

138 2007 170 2084 (i.
197 2025 223 2066 e.
250 2007 375 2067 omissio
403 2009 585 2085 accusativi)
604 2016 735 2086 pescliebt
763 2018 792 2068 ic
812 2015 903 2070 beiden
933 2017 1005 2069 allen
1027 2014 1166 2086 Sprucbcc
1194 2017 1247 2069 vicl

136 2116 254 2188 liutger
274 2120 316 2173 ola
335 2120 364 2170 ia
384 2119 435 2172 dea
454 2135 568 2173 acumen
587 2120 645 2172 aad
662 2121 699 2172 iat
718 2119 775 2172 (lem
791 2115 939 2172 Oborabter
958 2120 1003 2172 dea
1023 2117 1132 2174 Lnteiua
1151 2129 1179 2172 ao
1199 2137 1247 2173 aa·

133 2237 279 2291 caucasea,
311 2223 374 2276 duaa
398 2239 461 2276 mon
495 2222 552 2275 eine
576 2219 767 2291 Nccbabmoop
793 2223 839 2275 dea
860 2220 1044 2275 Griecbrbcbea
1068 2221 1140 2275 uiolet
1164 2239 1246 2275 aaran·

134 2311 241 2380 celanen
264 2319 403 2379 boacbt‘.

213 2421 377 2482 Notandus
398 2440 470 2481 vero
493 2428 540 2482 est
560 2441 632 2482 usus
654 2422 738 2482 verbi
760 2422 947 2499 „obtinere“.
989 2422 1035 2484 01.
1056 2422 1123 2498 Ing.
1145 2425 1191 2498 80,
1213 2425 1246 2482 7:

136 2527 242 2601 „nulla
260 2545 318 2603 pro
340 2527 424 2586 socia
445 2526 585 2587 obtinet“
610 2528 662 2586 ubi
688 2527 853 2602 significat:
879 2535 936 2587 eine
955 2530 1077 2602 Stellnnp
1103 2531 1246 2601 belouptea

137 2629 188 2702 (oi.
207 2625 387 2705 Kritainm).
434 2630 527 2707 Apud
555 2631 671 2689 nullum
698 2628 903 2689 Sallustianae
929 2630 1039 2688 aetatis
1066 2630 1247 2705 scriptorem

137 2732 199 2790 tali.
215 2751 304 2792 sensu
325 2732 384 2792 hoc
404 2734 530 2793 verbum
544 2734 684 2792 absolute
705 2732 844 2808 usurpari
858 2731 988 2791 memini.
1017 2731 1110 2808 Apud
1124 2731 1247 2790 Livium

132 2835 255 2907 *demum
275 2837 402 2896 verbnm
422 2836 564 2912 „tenerc“
586 2835 726 2895 similiter
750 2834 920 2897 adhibetur.
956 2834 1057 2907 Quare
1078 2834 1245 2893 conforma-

137 2945 201 2999 tum
231 2941 312 3000 hunc
338 2957 423 2999 usum
444 2939 483 2998 ad
505 2937 653 2998 Graecum
676 2941 789 3014 κατέχειν
809 2945 895 3016 puto,
922 2940 1003 3013 quod
1030 2939 1086 2998 tali
1112 2939 1143 2996 vi
1164 2937 1246 3013 apud

139 3041 347 3122 Thucydidem
367 3042 523 3103 invenitur
543 3045 618 3120 4,32.
639 3047 666 3119 8,
687 3045 725 3103 28
755 3047 783 3117 8,
805 3045 870 3102 100.
915 3042 1024 3117 Neque
1044 3042 1246 3102 dubitandum

138 3165 203 3207 esse
236 3147 380 3223 arbitror,
415 3147 487 3222 quin
522 3164 589 3205 cum
622 3146 740 3205 Ursino
780 3151 812 3206 et
843 3147 964 3206 Kritaio
1005 3146 1166 3222 legendnm
1207 3145 1248 3202 sit

140 3250 207 3311 nat.
231 3255 276 3327 14,
297 3255 329 3311 7;
355 3251 463 3326 „lama
490 3267 566 3324 quae
592 3249 770 3326 plerumque
792 3251 931 3310 obtinet“
955 3266 1013 3326 pro
1034 3247 1247 3324 „plerosque“,

139 3355 268 3433 utapud
293 3355 431 3414 Atticum
457 3353 635 3429 scriptorem
665 3352 815 3413 simillime
843 3353 963 3429 saepius
988 3353 1115 3429 legitur:
1146 3351 1246 3423 κατέχει

136 3458 496 3533 lwmhffissffl
581 3489 585 3495 ·

215 3563 342 3623 Rectius
363 3565 455 3624 etiam
475 3564 513 3624 ad
530 3561 664 3622 Graecos
685 3557 841 3620 rettuleris
862 3559 1050 3634 frequentem
1071 3553 1246 3614 reflexivum

137 3667 299 3727 verborum
312 3668 541 3727 transitivorum
556 3684 651 3738 usum,
677 3669 711 3722 nt
733 3662 820 3722 verbi
841 3661 991 3738 „augere“
1004 3659 1087 3720 Hist.
1104 3663 1130 3733 1,
1150 3661 1197 3733 48,
1214 3661 1245 3718 6:

38 3763 41 3769 ’
138 3770 335 3847 ,ignoscendo
376 3771 485 3848 populi
525 3769 658 3828 Romani
694 3766 934 3842 magnitudinem
967 3762 1159 3837 auxisse“‚
1193 3761 1245 3819 ubi

139 3874 316 3934 Vechnerus
347 3893 384 3934 ex
414 3873 583 3933 Plutarcho
614 3871 716 3932 affert:
747 3871 880 3936 „lairena
899 3869 912 3922 t
929 3868 1038 3938 torpid‘,
1067 3881 1246 3940 quamquam

139 3977 199 4036 iarn
223 3982 295 4038 ante
317 3977 496 4037 Sallustium
523 3977 581 4035 hoc
606 3974 731 4034 verbum
757 3972 801 4031 ita
827 3977 1006 4048 usurpatum
1032 3987 1097 4029 esse
1117 3968 1247 4043 videtur,

138 4082 225 4142 utin
248 4081 376 4142 Oatonis
398 4078 579 4156 Originibus
605 4083 682 4137 teste
704 4076 806 4137 Gellio
833 4077 894 4153 (18,
917 4076 965 4150 12)
989 4074 1161 4149 legebatur:
1188 4089 1245 4146 „eo

139 4203 186 4244 res
202 4178 312 4245 'eorum
332 4184 470 4246 euxit“.
