2894 4704
612 362 826 422 ..23-

126 616 128 625 .
166 543 294 602 arbitrio
320 544 512 619 scriptorum,
544 551 578 603 ut
599 563 685 618 quem
710 544 863 620 potiorem
887 544 1021 604 habeant
1045 546 1175 620 modum,
1205 565 1274 604 eum

166 652 366 722 anteponant.
400 646 454 721 ,Si
476 648 548 721 quid
570 648 722 729 igiturex
747 653 845 704 mente
866 652 897 705 et
917 665 1007 705 sensu
1029 666 1084 706 suo
1106 649 1274 708 aliorumve

165 749 302 824 proferre
323 749 414 822 idque
430 769 491 808 uon
512 770 569 826 pro
586 752 701 809 incerto
726 767 841 826 ponere
862 749 915 807 sed
936 757 970 807 ut
989 752 1188 810 certissimam
1211 769 1274 809 rem

166 849 198 906 in
219 851 304 909 nulla
324 851 519 910 dubitatione
540 853 721 912 collocatam
741 852 910 928 exprimere
931 854 1049 927 volunt,
1074 853 1274 911 indicativum

165 970 311 1027 usurpare
319 952 449 1015 solent.“
472 955 562 1028 Quod
570 955 716 1013 indicium
728 955 766 1012 ad
777 952 1080 1029 veritatemproxime
1094 955 1274 1014 accedere

164 1055 343 1130 pluraque
362 1056 405 1114 de
425 1058 548 1116 hac‘re
570 1058 707 1116 addere
730 1073 1052 1130 supervacaneum
1073 1063 1181 1133 puto,
1206 1076 1275 1116 eum

165 1164 278 1232 quauta
304 1159 406 1218 omnio
433 1160 562 1219 libidine
588 1161 754 1236 scriptores
780 1159 912 1217 omnium
936 1162 1108 1235 temporum
1130 1162 1274 1238 (excepto

165 1261 326 1337 Cicerone)
347 1263 404 1321 hac
430 1263 461 1320 in
487 1281 519 1321 re
545 1267 706 1323 versentur
731 1263 784 1338 ita,
808 1265 844 1321 ut
868 1279 941 1320 usus
968 1263 1128 1323 indicativi
1155 1269 1275 1323 tautum

163 1364 201 1421 ab
235 1364 364 1423 arbitrio
406 1364 539 1424 cuiusvis
579 1365 728 1440 pendeat,
763 1365 837 1423 satis
877 1365 1067 1425 demonstret
1098 1365 1274 1442 Draegerus

164 1466 234 1544 (IV.
254 1487 286 1542 p.
298 1467 476 1543 sla-420).
985 1547 990 1554 .

241 1568 287 1628 Ut
306 1570 345 1628 ad
370 1570 515 1628 infinitivi
540 1588 626 1630 usum
652 1575 850 1646 transeamus,
876 1557 1043 1630 memolatu
1070 1570 1196 1646 dignum
1218 1577 1275 1648 est,

163 1690 182 1729 a
201 1673 360 1748 permultis
381 1672 482 1731 verbis
503 1674 586 1749 apud
601 1672 782 1732 Sallustium
795 1673 928 1750 pendere
949 1674 1141 1747 infinitivum,
1163 1673 1274 1747 quibus

163 1773 245 1849 apud
267 1774 400 1848 optimos
422 1776 587 1850 scriptores
602 1776 770 1851 particulas
787 1776 830 1834 Ut
850 1782 907 1835 eto.
929 1777 1105 1835 subiunctas
1126 1777 1274 1835 videmus.

162 1875 322 1934 Nonnulla
343 1894 381 1935 ex
401 1878 448 1935 his
470 1878 529 1959 iam
548 1879 587 1936 ab
608 1878 744 1952 antiquis
769 1878 972 1954 scriptoribus
994 1879 1038 1936 ita
1058 1879 1200 1954 usurpari
1222 1879 1274 1938 de·

164 1979 347 2037 monstravit
363 1978 589 2038 Bruennertius
611 1984 653 2056 (p.
666 1982 716 2056 38)
739 1986 774 2039 ut
787 1981 954 2040 Dehortari
976 1980 1057 2056 (lug.
1077 1984 1124 2056 24,
1145 1986 1176 2057 4)
1191 1983 1274 2058 apud

164 2080 321 2155 Catonem,
346 2081 415 2139 Niti
437 2082 520 2158 (Ing.
540 2085 586 2154 25,
608 2087 635 2143 9.
677 2086 723 2158 37,
753 2081 784 2158 2)
806 2085 887 2159 apud
912 2083 1082 2158 Sisennam,
1108 2083 1274 2144 Postulare

164 2184 243 2260 (Iug.
276 2188 321 2258 17,
355 2189 380 2243 1.
427 2189 474 2259 47,
499 2187 531 2260 2)
553 2185 635 2261 apud
659 2186 813 2244 Licinium
833 2187 980 2246 Macrum.
1031 2187 1068 2244 Iu
1099 2187 1276 2246 universum

162 2290 263 2346 tamen
285 2291 431 2362 quantum
452 2287 638 2347 Graecorum
658 2290 847 2349 cousuetudo
870 2289 909 2347 ad
929 2289 1010 2347 hunc
1030 2306 1143 2348 morem
1163 2290 1277 2348 attule-

163 2390 205 2448 rit
230 2390 366 2448 dubitari
398 2409 460 2449 non
485 2395 598 2467 potest.
651 2391 772 2451 (ilarius
803 2392 863 2450 hoo
893 2392 1106 2450 demonstrant
1136 2392 1276 2468 exempla

165 2493 232 2552 (lat.
253 2495 299 2567 52,
320 2495 372 2550 24:
393 2493 609 2567 „coniuravere
624 2495 756 2569 patriam
777 2495 958 2553 incendere“
980 2511 1160 2569 quamquam
1179 2493 1275 2553 Dole-

163 2612 220 2670 gae
235 2594 377 2653 assentiri
392 2613 454 2653 non
468 2613 603 2671 possum,
616 2597 664 2655 his
678 2598 780 2656 verbis
795 2615 969 2673 expressam
984 2615 1049 2656 esse
1066 2597 1277 2673 Thucydidem

165 2699 346 2756 seutentiam
367 2699 409 2774 (3,
429 2701 475 2773 39,
497 2699 544 2774 2);
566 2701 686 2773 ἐζήτησαν
704 2704 769 2774 ἡμᾶς
788 2700 980 2774 -διαφθεῖραι,
1001 2700 1115 2758 nullam
1142 2699 1221 2758 enim
1242 2698 1276 2756 in

164 2802 212 2860 his
234 2801 293 2859 uisi
321 2801 479 2859 fortuitam
500 2802 732 2862 similitudinem
763 2804 900 2862 iuvenire
926 2823 972 2862 me
998 2820 1090 2878 posse
1116 2802 1275 2876 confiteor,

167 2903 234 2962 Cat.
262 2907 307 2994 17,
334 2906 366 2962 2:
397 2905 503 2978 „abuti
523 2935 561 2947 -
582 2906 812 2982 properabant“
838 2906 891 2963 ubi
918 2911 999 2964 recte
1022 2904 1194 2979 Herzogius
1221 2903 1276 2962 ad·

164 3005 405 3079 monuit,ve1·ba
435 3011 614 3080 „maturata
646 3007 810 3067 festinare“
832 3015 888 3066 ete.
911 3008 994 3084 (Cat.
1021 3011 1066 3081 18,
1097 3011 1124 3068 8.
1173 3011 1220 3082 36,
1247 3010 1275 3067 3.

164 3109 231 3183 Iug.
253 3112 299 3182 79,
320 3111 346 3167 5.
389 3110 435 3180 36,
457 3112 483 3167 1.
512 3107 584 3167 hist.
599 3111 626 3182 2,
648 3108 697 3182 59)
720 3109 758 3167 ad
773 3111 946 3184 analogiam
958 3108 1145 3168 Graecorum
1166 3111 1270 3184 οἴχομαι

165 3210 261 3284 φθάνω,
285 3211 402 3265 διατελέω
427 3211 576 3269 sustinere
607 3211 689 3269 vices
719 3211 942 3285 adverbiorum,
975 3213 1110 3286 quamvis
1134 3211 1276 3271 Lawsius

165 3323 196 3372 et
216 3314 339 3388 Dolega
366 3314 444 3371 hauc
470 3319 652 3372 structuram
683 3331 749 3373 esse
772 3313 918 3374 Graecam
945 3321 1066 3391 negent.
1119 3315 1277 3388 Quantum

165 3417 336 3501 autemhic
356 3433 427 3474 usus
450 3416 594 3474 infinitivi
608 3417 699 3475 etiam
720 3417 954 3475 asubstantivis
975 3418 1138 3494 pendentis
1158 3423 1277 3492 pateat,

165 3537 203 3577 ex
222 3519 270 3578 his
296 3520 374 3578 locis
400 3536 579 3594 cognoseaS,
612 3518 678 3579 (lat.
705 3524 750 3594 17,
771 3524 803 3579 6;
835 3520 966 3594 „quibus
991 3553 1030 3562 —
1056 3521 1158 3579 vivere
1183 3520 1277 3596 copia

165 3623 251 3680 erat“
272 3625 318 3695 30,
338 3626 371 3679 4;
392 3622 524 3696 „quibus
546 3622 648 3679 omnia
664 3622 795 3681 vendere
816 3641 880 3681 mos
904 3623 988 3682 erat“
1002 3624 1070 3699 Iug.
1092 3625 1119 3698 3,
1140 3627 1171 3682 4:
1192 3624 1276 3697 „nisi

166 3725 248 3782 forte
271 3741 357 3797 quem
384 3723 491 3783 lubido
513 3729 598 3781 tenet
626 3754 664 3766 -
696 3725 882 3799 gratificari“
905 3728 968 3800 102,
990 3727 1022 3785 5:
1053 3725 1162 3799 „simul
1182 3725 1275 3784 nobis

166 3826 299 3883 demeres
320 3827 459 3884 acerbam
480 3827 733 3886 uecessitudinem
760 3861 796 3870 —
817 3828 989 3903 persequi.“
1039 3827 1126 3885 Haec
1152 3844 1276 3902 quoque

166 3931 203 3989 ad
225 3929 359 3988 Graecos
379 3929 502 4003 referre,
530 3936 564 3987 ut
583 3930 695 4006 Poppo
723 3931 761 4008 (Ι,
784 3936 810 4003 1,
831 3930 901 4004 373)
928 3932 1009 4005 fecit,
1035 3948 1096 3989 non
1118 3948 1196 4005 opus
1217 3936 1276 4006 est,

165 4050 232 4090 curn
252 4029 334 4106 apud
354 4030 497 4090 Plautum
524 4032 583 4090 iam
605 4032 830 4090 substantivum
855 4032 1001 4104 „lubido“
1027 4049 1093 4090 oum
1119 4032 1275 4091 infinitivo

165 4133 359 4192 coniunctum
384 4134 517 4193 novies
542 4134 671 4209 legatur,
697 4135 735 4192 cf.
756 4134 848 4193 Holz.
875 4138 994 4209 syntax.
1015 4135 1057 4210 ΙΙ,
1077 4154 1106 4210 p.
1119 4136 1164 4194 29.
1195 4134 1275 4193 Brix

165 4236 204 4294 ad
226 4235 393 4296 Trinumm
413 4239 479 4296 626.
