2866 4716
611 367 819 427 ..39-

160 549 241 607 infra
261 548 418 606 disserere.
455 549 517 606 lam
538 552 726 607 transeamus
746 548 784 606 ad
805 549 932 623 reliqua.
964 550 1082 609 Morem
1103 552 1266 627 supplendi

161 652 455 710 substantivumex
491 652 689 710 antecedente
724 654 818 710 verbo
855 653 937 727 apud
973 653 1181 731 Thucydidem
1212 655 1268 714 ire·

161 753 389 828 quentissimum
421 761 540 812 secutus
572 772 636 813 esso
666 755 787 813 videtur
808 755 940 828 scriptor
970 755 1038 814 loco
1069 756 1268 832 memorabili,

161 874 247 930 quem
269 858 357 916 multi
378 865 568 916 vexaverunt
586 858 776 932 interpretes.
824 856 955 932 Legitur
976 857 1043 916 (lat.
1066 862 1111 931 18,
1132 861 1164 917 2:
1196 859 1267 932 „sed
1343 933 1349 946 ι

160 966 250 1017 antea
272 960 342 1017 item
363 960 561 1018 coniuravere
586 961 675 1036 pauci
697 966 804 1018 contra
828 978 887 1018 rem
909 959 1073 1036 publicam,
1104 962 1135 1019 iu
1158 963 1267 1036 quibus

163 1061 297 1120 Catilina
323 1062 395 1135 fnit3
425 1063 462 1121 de
488 1081 572 1137 qua,
604 1081 692 1136 quam
722 1062 877 1120 verissime
908 1069 1028 1138 potero,
1058 1063 1184 1137 dieum“,
1215 1064 1268 1122 ubi

160 1164 327 1240 pronomen
360 1165 429 1238 Qua
463 1167 593 1223 refertur
629 1166 667 1223 ad
698 1165 922 1223 substantivum
952 1183 989 1222 ex
1020 1167 1113 1224 verbo
1146 1166 1268 1241 „coniu-

161 1266 283 1326 ‘ravere“
306 1269 517 1344 supplendum.
1321 1349 1322 1352 Ἴ

181 1402 184 1407 >
239 1370 338 1444 Quam
356 1376 537 1430 structuram
558 1372 664 1431 duram
690 1376 721 1430 et
741 1370 806 1428 sine
827 1370 965 1446 exemplo
987 1388 1052 1430 esse
1074 1377 1176 1431 omnes
1196 1389 1267 1431 con·

124 1526 127 1531 .
160 1475 298 1534 sentiunt
317 1476 508 1552 interpretes,
529 1467 565 1534 ut
577 1476 726 1548 Kritzins,
748 1474 799 1549 qui
821 1493 901 1532 nnnc
922 1475 1029 1532 scribit
1048 1475 1105 1550 „de
1126 1492 1185 1548 qua
1205 1477 1266 1551 re“,

160 1583 191 1636 et
210 1576 395 1653 Dietsohius,
427 1597 606 1654 quamquam
626 1579 758 1635 omnium
784 1595 906 1636 suoram
927 1578 1063 1636 codicum
1084 1578 1267 1638 auctoritate

160 1682 377 1758 Diomedisque
399 1683 575 1741 testimonio
602 1683 723 1757 cogitur
744 1681 820 1740 illud
845 1682 943 1757 „qua“
963 1681 1104 1746 retinere.
1155 1682 1266 1757 Pappa

160 1786 251 1844 etiam
272 1785 329 1843 hoc
349 1786 474 1844 dicendt
494 1797 589 1861 genus
611 1804 648 1844 ex
663 1784 859 1861 Thucydideo
882 1804 937 1844 usn
959 1787 1094 1846 illustrat
1115 1787 1167 1845 sod
1188 1785 1267 1845 falso

160 1907 226 1946 ntea
255 1889 375 1962 quidem
406 1890 557 1948 sententia
587 1890 693 1947 laudat
723 1907 767 1962 ea,
799 1906 875 1963 quae
905 1889 1046 1964 legentur
1066 1894 1093 1964 6,
1114 1893 1151 1947 80
1177 1905 1267 1963 quae·

161 2008 217 2064 qne
245 1991 393 2050 Matthiae
423 1993 513 2049 etiam
545 1991 575 2048 in
607 1991 686 2049 libro
718 1992 971 2066 suogrammatioo
999 1991 1085 2051 affert
1117 1991 1156 2068 (ᾗ.
1182 1990 1267 2065 435);

160 2095 241 2154 ἄλλως
262 2116 289 2149 τε
310 2097 352 2148 καὶ
375 2095 422 2148 ἀπὸ
446 2094 633 2165 Πελοποννήσου
655 2097 823 2167 παρεσομένης
841 2096 969 2168 ὠφελείας,
993 2097 1021 2149 οἳ
1037 2095 1116 2149 τῶνδε
1142 2095 1267 2168 κρείσσους

160 2198 212 2251 eloi.
264 2197 326 2254 Hic
352 2198 432 2256 enim
462 2197 606 2255 facillime
637 2203 741 2271 potest
767 2198 904 2273 suppleri
927 2200 949 2252 oi
968 2197 1157 2271 Πελοποννήσιοι
1175 2198 1223 2256 vel
1242 2197 1265 2251 oi

162 2297 314 2373 ὠφελοῦντες
334 2318 431 2374 neque
452 2318 620 2375 pronomen
641 2300 824 2358 adverbum
846 2300 897 2358 sed
919 2301 957 2359 ad
979 2300 1202 2359 substantivum
1221 2319 1267 2358 re-

160 2405 256 2462 fertur
285 2403 399 2461 diversi
430 2387 543 2461 numeri
575 2409 606 2462 et
635 2404 765 2478 generis.
815 2403 923 2479 Neque
952 2401 1131 2463 Gerlaohius
1161 2403 1268 2463 debuit

160 2508 283 2566 laudare
315 2508 407 2565 verba
437 2507 615 2582 Euripiden,
651 2525 726 2581 quae
758 2513 880 2566 exstant
914 2507 979 2582 lph.
1014 2507 1085 2565 Aul.
1121 2510 1207 2566 1418:
1238 2509 1267 2562 τὸ

159 2611 291 2684 θεομαχεῖν
303 2613 348 2683 γὰρ
362 2607 502 2665 ἀπολιποῦσ’
519 2611 532 2663 ὃ
551 2608 637 2678 (θεῖον)
657 2628 701 2665 σου
715 2619 805 2684 speret
826 2641 861 2650 -
878 2609 1078 2667 Inveniuntur
1092 2610 1171 2668 enim
1185 2610 1266 2684 apud

161 2713 300 2771 Atticum
322 2713 502 2786 scriptorem
516 2711 593 2768 aliae
609 2729 721 2785 eaeque
737 2712 907 2769 simillimae
922 2715 1101 2783 structurae,
1122 2714 1157 2769 ut
1172 2715 1197 2784 1,
1212 2714 1264 2769 22:

156 2818 173 2889 ἢ
191 2817 337 2885 μέλλοντες
355 2816 498 2886 πολεμήσειν
516 2816 533 2887 ἢ
551 2816 576 2868 ἐν
595 2816 685 2884 ubios
705 2814 730 2882 (i.
751 2830 774 2867 e.
792 2813 904 2884 πολέμῳ)
923 2816 971 2888 ἤδη
990 2811 1065 2872 ὅντες.
1149 2786 1155 2798 ¹

240 2919 371 2978 Omnino
403 2925 483 2977 amat
504 2917 696 2976 substantiva
725 2917 781 2975 tali
803 2915 892 2974 modo
918 2917 1060 2991 supplere
1092 2934 1128 2974 ex
1158 2917 1268 2977 verbis.

162 3023 209 3081 [ta
230 3041 267 3081 ex
287 3008 398 3095 πειχίζειν
418 3022 504 3081 elidit
523 3021 679 3079 notionem
698 3028 780 3092 τεῖχος
801 3018 840 3093 (l,
861 3020 908 3079 90.
942 3018 1001 3092 91),
1026 3035 1063 3077 ex
1081 3019 1179 3093 βοηθεῖν
1200 3021 1268 3077 sub·

161 3129 326 3187 stantivnm
348 3126 449 3196 βοήθεια
470 3129 510 3200 (5,
532 3127 593 3199 47),
614 3143 651 3182 ex
673 3126 804 3199 φυλάσσειν
820 3123 913 3181 verbo
940 3125 984 3194 τὴν
1008 3124 1120 3196 φυλακήν
1147 3124 1188 3199 (7,
1208 3122 1268 3196 28).

163 3231 246 3304 (λοσε
269 3225 294 3288 si
315 3229 566 3305 reputaverimus,
596 3228 655 3284 iam
682 3225 853 3302 apparebit,
884 3224 1063 3284 Sallustium
1085 3224 1269 3283 imitatorem

102 3357 105 3362 ·
162 3355 227 3392 curn
249 3335 280 3391 in
302 3333 403 3392 multis
425 3332 493 3390 aliis
515 3347 658 3406 syneseos
679 3329 839 3404 generibus
866 3336 928 3387 tum
948 3329 980 3386 in
1002 3346 1057 3386 usu
1078 3327 1269 3404 pronominis

163 3437 281 3494 relativi
304 3436 403 3494 Attici
427 3433 583 3510 scriptoris
611 3432 703 3490 etiam
723 3411 828 3489 nostro
853 3431 922 3489 loco
944 3431 1119 3489 adhibuisse
1140 3437 1269 3490 structu·

164 3559 225 3598 ram
246 3541 330 3598 illam
351 3545 382 3597 et
401 3538 547 3596 brevitati
569 3540 600 3595 ot
613 3535 778 3594 immortali
800 3534 957 3593 velocitati
979 3533 1137 3608 cogitandi
1159 3534 1268 3592 utrius·

163 3661 220 3718 qne
235 3643 434 3718 aptissimam,
455 3641 557 3698 eadem
580 3640 699 3697 ratione
720 3644 810 3712 atquo
825 3637 953 3694 alterum
974 3637 1157 3712 scripturum
1177 3635 1269 3695 fuisse

165 3746 228 3803 sine
249 3745 344 3803 dubio
366 3753 522 3818 putamus:
560 3742 703 3812 Ευνώμοσαν
716 3741 791 3812 ὀλίγοι
809 3741 908 3814 -πεμὶ
926 3737 1070 3813 ἧς-ἐμῶ,
1116 3738 1267 3798 Brevitati

163 3864 254 3922 porro
278 3846 450 3920 ustriusque
471 3839 628 3921 proprium
650 3850 705 3918 est,
727 3844 867 3902 omittere
889 3860 978 3918 saepe
999 3859 1099 3900 casum
1122 3844 1268 3916 quendam

164 3950 216 4022 ita,
247 3956 280 4007 ut
300 3967 337 4006 ex
359 3948 420 4006 alio
452 3966 522 4006 casn
548 3948 735 4023 supplendus
762 3947 811 4020 sit,
843 3965 932 4020 quam
958 3943 1081 4020 ellipsin
1104 3943 1268 4003 Sallustius

134 4056 137 4058 ’
165 4051 258 4110 multo
280 4051 469 4126 frequentius
484 4057 611 4126 usurpat
627 4068 715 4124 quam
736 4056 770 4108 ut
783 4049 858 4108 talia
872 4067 908 4106 ox
925 4046 1120 4122 neglegentia
1141 4047 1268 4121 quadam

163 4160 217 4212 aut
237 4154 367 4212 fortuito
389 4158 461 4213 nata
482 4171 545 4214 esse
567 4153 741 4213 existimare
762 4152 914 4228 possimus
936 4150 974 4210 cf.
993 4151 1061 4226 lug.
1082 4150 1129 4224 54,
1152 4152 1183 4206 l:
1204 4148 1268 4206 uni·
