2894 4704
198 1223 259 1334 De
274 1273 424 1346 Sallustio
440 1273 799 1351 Thucydidis-imitatore
820 1291 886 1334 cum
901 1274 995 1333 multa
1016 1278 1136 1334 exstent
1150 1280 1231 1334 rete-¹

124 1404 188 1445 rum
208 1386 394 1461 testimonia,
415 1386 510 1444 miror
532 1386 613 1460 quod
628 1392 735 1445 nostra
755 1386 872 1446 demum
893 1391 993 1445 aetate
1011 1370 1105 1461 atquc
1126 1406 1144 1445 1
1164 1404 1231 1463 per·

122 1490 229 1565 paucis
243 1495 361 1548 tautum
387 1489 555 1548 accuratius
576 1490 713 1566 perquiri
733 1494 873 1565 coeptum
893 1491 942 1566 sit,
964 1490 1073 1564 quibus
1089 1490 1120 1546 in
1141 1491 1231 1548 rebus

123 1593 198 1652 haec
224 1590 355 1651 imitatio
377 1597 527 1667 cernatur,
553 1592 692 1668 inprimis
715 1598 863 1667 quatenus
889 1593 920 1650 in
946 1594 1085 1652 oratione
1111 1593 1231 1650 consor-

124 1696 232 1755 manda
253 1694 419 1755 Sallustius
441 1697 479 1754 ab
501 1698 625 1754 auctore
646 1695 754 1755 Attico
779 1696 918 1772 pendeat.
968 1695 1107 1769 Namque
1128 1701 1233 1754 vetera

124 1799 178 1858 illa
206 1799 325 1874 quidem
352 1799 465 1858 iudicia
491 1800 644 1876 pertinere
668 1805 744 1874 puto
770 1799 808 1857 ad
834 1791 1051 1873 imitationem,
1083 1803 1232 1874 quatenus

124 1903 205 1963 inest
224 1903 256 1959 in
282 1908 347 1961 arte
374 1902 522 1962 historica
543 1903 668 1980 (Vellei.
696 1907 723 1978 2,
749 1905 795 1978 36,
823 1906 849 1963 2.
883 1903 1008 1976 Quintil.
1039 1905 1083 1979 10,
1111 1907 1136 1977 1,
1165 1903 1231 1977 101)

124 2006 172 2065 rel
186 2007 218 2065 in
234 2012 299 2064 arte
314 2005 469 2064 rhetorica
483 2004 612 2082 (Seneca
628 2004 714 2065 Suas.
728 2026 758 2082 p.
771 2009 817 2080 35,
836 2005 883 2081 11)
904 2007 952 2065 rel
968 2006 999 2064 in
1015 2005 1233 2064 transferendis

126 2110 305 2185 quibusdam
333 2109 492 2167 sententiis
521 2107 662 2183 (Sueton.
696 2128 819 2185 gramm.
853 2111 900 2185 10)
930 2110 980 2168 vel
1010 2111 1042 2167 in
1073 2108 1246 2174 brevitatis¹

126 2212 227 2271 studio
250 2210 370 2288 (Senec.
395 2210 543 2270 Controv.
564 2216 592 2287 8,
615 2215 660 2287 13,
680 2232 710 2288 p.
724 2202 804 2288 249).
844 2213 891 2271 De
912 2214 1001 2271 rebus
1029 2211 1233 2288 grammaticis

125 2319 225 2375 autem
240 2320 270 2373 et
285 2314 322 2373 de
338 2332 448 2390 genere
462 2314 582 2373 dicendi
596 2309 635 2373 ad
651 2315 839 2391 Thucydidis
854 2317 1022 2392 exemplum
1043 2316 1233 2374 conformato

126 2418 201 2477 haec
215 2423 332 2477 tantum
346 2417 458 2476 iudicia
472 2417 611 2493 legimus,
633 2418 761 2491 Quintil.
776 2424 803 2494 9,
827 2422 853 2494 3,
876 2425 925 2479 17:
948 2439 1005 2495 „ex
1024 2418 1140 2479 Graeco
1162 2436 1234 2478 vero

127 2521 276 2582 translata
296 2522 345 2580 vel
367 2519 508 2580 Sallustii
527 2521 675 2598 plurima,
703 2523 791 2596 quale
813 2527 873 2582 cst:
904 2523 1013 2599 vulgus
1034 2528 1115 2582 amat
1140 2524 1234 2582 fieri“.

128 2625 258 2699 Quintil.
291 2628 336 2698 10,
366 2627 393 2699 2,
427 2628 476 2684 17:
508 2623 628 2698 „Attici
658 2627 805 2700 praecisis
832 2626 1082 2690 conclusionibus
1113 2626 1235 2685 obscuri

128 2726 307 2787 Sallustium
327 2730 420 2800 atque
442 2723 650 2802 Thucydidem
677 2729 850 2803 superant“.
896 2728 955 2786 His
981 2729 1082 2787 verbis
1106 2729 1235 2804 exprimi

126 2832 320 2908 perspicuum
342 2836 398 2905 est,
425 2834 529 2890 ambos
556 2831 722 2907 scriptores
749 2832 901 2906 praecisas
927 2832 996 2890 illas
1024 2832 1235 2890 conclusiones

128 2953 250 2995 amasse.
292 2935 404 2994 Utrum
426 2940 506 2995 reete
527 2936 584 2993 hac
604 2935 635 2990 in
648 2952 688 3008 re
712 2935 882 3010 comparari
902 2935 1033 3011 possint,
1055 2935 1134 2994 inira
1154 2935 1235 2995 vide·

128 3038 235 3099 bimus.
287 3040 372 3113 Quae
398 3057 471 3098 vero
498 3042 601 3097 essent
631 3036 686 3095 illa
716 3038 867 3098 translata
893 3057 929 3098 ex
962 3037 1078 3097 Graeco
1105 3038 1237 3114 plurima

129 3141 252 3216 (quibus
274 3143 374 3201 verbis
397 3141 622 3214 Quintilianum
648 3139 785 3218 inprimis
807 3143 1051 3201 constructiones
1075 3143 1237 3201 verborum

129 3245 300 3319 significare
320 3244 455 3302 uoluisse
476 3246 656 3320 exemplum,
679 3247 760 3319 quod
781 3246 897 3320 laudat,
921 3244 1121 3321 demonstrat)
1149 3261 1236 3302 nemo

129 3346 227 3404 adhuc
257 3347 428 3405 accuratius
456 3347 656 3422 investigavit
683 3348 741 3407 nisi
773 3349 884 3426 Poppo
912 3350 957 3425 (iu
983 3349 1190 3426 prolegomen.
1212 3347 1237 3424 Ι,

129 3469 159 3526 p.
172 3453 317 3525 372-81,
335 3450 393 3526 IV,
412 3469 444 3526 p.
456 3453 594 3526 51-53).

206 3554 329 3613 Etenim
349 3552 506 3629 Delega,¹)
529 3553 632 3628 quiin
653 3554 731 3613 libro
754 3571 808 3613 suo
831 3553 1064 3630 diligentissime
1085 3553 1238 3630 exposuit,

131 3675 192 3716 uon
212 3657 304 3716 modo
328 3673 402 3731 quas
424 3656 591 3715 sententias
611 3646 821 3716 traustdlisset
835 3655 1000 3716 Sallustius
1022 3655 1237 3715 eGraecorum

131 3759 341 3836 scriptoribus,
363 3759 521 3819 sedetiam
544 3777 632 3834 quam
646 3760 795 3819 rationem
814 3760 845 3818 iu
860 3760 1017 3820 imitandis
1037 3759 1102 3816 illis
1117 3762 1238 3818 secutus

132 3868 223 3937 esset,
252 3882 314 3923 nou
334 3864 430 3923 multa
449 3862 487 3922 de
507 3863 597 3921 rebus
618 3861 822 3938 grammaticis
845 3865 1064 3938 verborumque
1085 3868 1238 3922 construo·

152 4141 154 4145 ,
207 4092 226 4161 ¹)
245 4093 297 4161 „de
321 4093 454 4158 Sallustio
480 4092 621 4148 imitatore
640 4094 821 4165 Thucydidis,
847 4096 1041 4152 Demosthenis
1069 4095 1182 4150 aliorum
1203 4073 1298 4223 11))

131 4177 329 4235 Gr·aecorum“.
357 4178 604 4236 11111111111871.
757 4197 770 4213 -.
1185 4111 1232 4296 iss

1053 4283 1083 4332 ΡΙ(
