2894 4704
643 388 824 451 ,7-

172 613 176 616 -
246 571 386 632 Mutatur
405 574 496 632 etiam
517 572 599 648 apud
622 569 800 633 Sallustium
825 591 965 633 numerus
990 574 1023 632 in
1044 547 1212 633 enuntiatis
1234 591 1277 632 se·

169 674 334 750 cundariis,
359 678 394 734 ut
418 675 485 750 lug.
510 676 559 734 15:
585 675 765 750 Iugurtham
793 679 831 736 ab
853 683 961 736 senatu
982 683 1086 751 petere
1107 695 1144 735 ne
1165 708 1203 719 -
1223 695 1277 752 pu·

170 780 273 837 tarent
292 780 342 838 30:
364 778 512 854 populum
532 809 570 820 -
591 795 712 837 mouere
734 797 770 838 ne
791 811 827 822 -
850 780 1025 839 desererent
1046 784 1098 839 78:
1119 779 1184 838 eius
1206 778 1278 836 civi·

167 880 241 940 tatis
264 880 364 955 legum
384 881 542 955 cultusque
562 881 707 957 pleraque
723 880 879 958 Sidonica,
902 901 978 957 quae
995 916 1026 926 -
1043 882 1225 941 retinebant.
1241 912 1277 924 -

168 983 228 1042 His
254 982 401 1059 exemplis
428 1001 519 1042 unum
547 983 804 1043 adnumerandum
830 992 884 1060 est,
915 987 997 1061 quod
1018 982 1201 1044 luculentius
1223 988 1278 1058 est,

168 1101 255 1159 quam
282 1095 317 1144 ut
341 1085 520 1144 imitationis
549 1083 735 1144 Graecorum
760 1087 792 1144 in
819 1092 949 1146 mentem
976 1087 1065 1146 nobis
1086 1084 1190 1144 venire
1215 1102 1278 1143 non

166 1187 275 1262 possit.
310 1187 441 1264 Legitur
461 1177 528 1263 lug.
552 1192 615 1262 102,
636 1192 667 1248 6:
689 1188 825 1264 „populo
847 1189 988 1249 Romano
1004 1223 1041 1232 —
1056 1189 1161 1248 meliu's
1181 1188 1278 1247 visum

168 1291 280 1349 amicos
313 1308 401 1364 quam
433 1308 537 1350 seruos
569 1309 727 1366 quaerere,
759 1292 856 1350 tutius
886 1293 966 1351 rati“
998 1299 1054 1351 etc.
1111 1292 1179 1365 Quo
1209 1290 1278 1349 loco

168 1392 285 1451 etiamsi
300 1392 453 1452 Krituium
473 1396 504 1452 et
517 1393 708 1451 Dictschium
729 1393 815 1466 sequi
836 1393 991 1468 vellemne,
1014 1394 1065 1468 qui
1087 1394 1193 1469 legunt
1210 1396 1279 1468 „tu-

166 1486 288 1569 tiusque
308 1496 398 1569 rati“,
420 1497 533 1554 inesset
554 1499 705 1554 structura
726 1513 781 1571 per
803 1496 924 1572 synesin
945 1496 1192 1571 permutatioque
1208 1513 1279 1553 con-

168 1597 356 1671 structionis,
385 1615 444 1672 qua
469 1597 550 1656 haud
577 1597 639 1655 scio
661 1617 699 1654 an
726 1599 807 1675 apud
830 1597 1011 1656 Sallustium
1031 1598 1205 1656 inveniatur
1226 1617 1277 1657 au·

166 1699 282 1759 dacior.
333 1701 484 1774 Equidem
506 1701 579 1775 quid
600 1699 637 1758 de
663 1700 869 1777 discrepantia
896 1699 1038 1760 lectionis
1059 1701 1175 1775 „tutius
1197 1702 1277 1760 rati“

167 1808 199 1862 et
217 1804 395 1879 „tutiusque
416 1803 494 1862 rati“
523 1804 650 1862 sentiam
677 1823 825 1880 quamque
853 1808 892 1865 ob
917 1820 980 1862 rem
1007 1821 1068 1862 non
1088 1819 1194 1861 verear
1218 1821 1276 1879 pro

167 1912 250 1968 certo
272 1907 430 1981 affirmare,
450 1907 509 1965 hoc
531 1908 598 1966 loco
614 1906 795 1968 Sallustium
809 1909 980 1968 orationem
1000 1924 1084 1965 suam
1104 1906 1143 1963 ad
1159 1904 1276 1981 Thucy·

166 2011 287 2069 dideum
318 2010 488 2085 exemplum
519 2010 675 2085 formasse,
708 2011 787 2070 infra
818 2005 978 2088 exponam,
1010 2009 1063 2068 ubi
1094 2008 1131 2067 de
1159 2009 1278 2067 variata

168 2112 308 2172 Sallustii
329 2113 468 2171 oratione
489 2111 596 2172 dicam.
632 2113 771 2172 Sufficiat
791 2115 849 2173 hoc
869 2115 938 2173 loeo
961 2130 1091 2186 monere,
1114 2111 1276 2184 quodiam

167 2216 416 2276 Badstuebnerus
438 2215 622 2289 observavit,
646 2234 745 2275 amare
759 2217 947 2291 ¹scriptorem
967 2215 1108 2274 Atticum
1128 2213 1206 2271 hano
1226 2214 1277 2271 ab·

166 2322 287 2395 ruptam
308 2321 490 2376 structuram
509 2322 583 2394 post
606 2336 711 2377 uocem
732 2318 860 2393 „tioiee‘R
901 2316 1160 2392 Frequentissime
1182 2333 1276 2391 porro

168 2420 334 2480 Sallustius
361 2439 395 2478 ea
420 2421 547 2479 licentia
572 2416 679 2496 utitur,
705 2428 740 2480 ut
765 2422 804 2480 ad
830 2421 1014 2496 singularem
1034 2436 1189 2478 numerum
1210 2418 1278 2476 sub-

169 2524 295 2582 stantivi
316 2524 429 2582 reserat
454 2524 603 2600 pluralem
630 2525 844 2601 pronominum
863 2524 1062 2584 relativorum
1086 2522 1135 2580 vel
1156 2522 1277 2578 demon·

168 2625 372 2685 strativorum.
422 2625 512 2698 Quod
545 2644 687 2703 syneseos
719 2612 814 2703 genus
845 2626 964 2685 etiamsi
994 2623 1075 2700 apud
1108 2623 1277 2696 Caesarem,

168 2728 290 2787 Livium
304 2729 443 2802 aliosque
457 2729 572 2804 passim
586 2728 750 2803 invenitur,
766 2746 852 2787 nemo
869 2734 930 2786 tam
944 2727 1118 2800 frequenter
1132 2726 1276 2783 adhibere

167 2831 288 2890 videtur
320 2848 408 2906 quam
439 2829 614 2890 Sallustius.
655 2829 769 2889 Scribit
791 2830 866 2906 lug.
899 2831 944 2904 13,
975 2832 1007 2888 8:
1039 2827 1213 2887 nobilitatis
1239 2860 1277 2870 -

169 2951 297 3007 quorum
327 2950 398 3008 pars
429 2934 495 3008 lug.
528 2936 578 2990 14:
611 2932 725 2991 familia
757 2936 864 2991 nostra
883 2947 1069 3005 -quorum
1099 2929 1278 3007 progeniem

158 3035 237 3094 Cat.
261 3040 305 3108 17,
327 3039 358 3094 7:
380 3035 406 3093 si
432 3035 602 3094 coniuratio
625 3034 782 3110 valuisset,
808 3035 896 3093 facile
922 3035 1004 3109 apud
1025 3051 1087 3093 eos
1107 3032 1277 3108 principem

168 3155 199 3197 se
225 3138 291 3197 fore
319 3143 364 3213 16,
392 3144 422 3197 1:
450 3139 638 3197 iuventutem
663 3137 821 3214 edocebat,
848 3156 885 3196 ex
912 3136 974 3195 illis
996 3144 1052 3198 etc.
1078 3136 1114 3194 cf.
1142 3135 1208 3195 (lat.
1230 3137 1276 3194 39.

167 3243 252 3316 lug.·
271 3244 317 3301 28.
353 3244 398 3300 33.
433 3244 479 3301 91.
515 3244 561 3300 95.
623 3240 781 3300 Simillime
816 3241 1009 3318 Thucydides
1042 3238 1276 3319 pronominibus
1326 3296 1332 3311 ,

168 3346 264 3404 utitur
284 3347 311 3418 3,
333 3348 360 3402 4.
382 3349 409 3419 6,
431 3347 476 3404 31.
498 3349 525 3417 6,
546 3347 594 3403 80.
615 3347 642 3419 7,
663 3346 709 3419 23,
731 3344 881 3403 sexcentis
902 3344 971 3404 aliis
992 3343 1078 3405 locis.

246 3447 307 3507 Sed
327 3465 364 3506 ne
386 3449 496 3524 omnia,
518 3466 594 3522 quae
617 3447 749 3522 aliquam
769 3464 842 3523 prae
865 3464 897 3504 se
917 3447 1018 3505 ferunt
1045 3446 1276 3506 similitudinem

168 3550 302 3611 Graecae
329 3554 509 3624 structurae,
536 3555 647 3609 temere
674 3548 714 3608 ad
740 3546 948 3623 Thucydidem
975 3549 1087 3627 reterre
1111 3548 1276 3636 videamur,

168 3652 319 3729 insignius
340 3653 433 3728 paulo
454 3652 545 3710 huius
567 3650 775 3710 similitudinis
797 3650 967 3726 exemplum
994 3650 1160 3726 afferamus,
1194 3651 1276 3726 quod

167 3757 281 3832 legitur
310 3756 376 3820 Oat.
403 3758 449 3828 56,
476 3758 509 3816 5:
536 3756 692 3830 „servitia
724 3754 829 3812 cuius
857 3787 894 3796 —
919 3772 1046 3830 magnae
1074 3755 1180 3830 copiae
1207 3772 1277 3812 con-

167 3859 358 3919 currebant“.
396 3859 452 3918 (lui
465 3859 613 3935 permirae
629 3861 800 3916 structurae
814 3855 896 3932 apud
910 3857 1041 3916 Latinos
1061 3875 1138 3915 unus
1161 3861 1279 3916 tautum

166 3960 316 4018 Livianus
342 3961 427 4020 locus
454 3962 624 4037 comparari
650 3963 767 4037 potest:
799 3964 846 4036 42,
872 3963 909 4019 87
937 3961 1037 4035 „bona
1063 3994 1098 4004 -
1128 3957 1276 4033 quidquid

167 4062 232 4120 eius
258 4063 431 4138 recuperari
457 4064 585 4137 possit“.
631 4062 711 4120 Nam
737 4079 813 4136 quae
838 4063 977 4122 Kritzius
1010 4062 1097 4121 affert
1127 4063 1273 4137 exempla,

167 4165 265 4225 minus
288 4165 319 4223 in
339 4165 419 4224 hunc
439 4165 538 4225 locum
560 4163 708 4240 quadrare
728 4168 814 4241 puto.
857 4165 989 4241 Supplet
1009 4165 1086 4224 enim
1110 4165 1148 4223 ad
1170 4182 1273 4224 vocem
