2894 4704
613 357 831 416 ..19-

166 543 264 599 totum
284 539 384 598 locum
404 539 527 614 (,‚vobis
548 540 652 599 cadem
673 516 745 597 mihi
766 541 849 597 bona
873 539 1011 611 malaque
1039 556 1104 598 csso
1125 540 1279 615 intellexi3

165 660 233 700 nam
254 641 333 700 idem
354 642 432 701 velle
454 645 545 716 atque
561 643 639 701 idem
654 643 746 713 nolle,
766 641 933 701 eudemum
949 642 1034 700 firma
1047 643 1182 702 amicitia
1197 645 1277 719 est“)

165 746 300 820 suspicio
328 751 475 819 moretur,
502 745 579 803 hanc
606 749 789 805 structuram
814 745 938 803 fluxisse
966 763 981 804 e
1008 743 1099 803 simili
1127 746 1278 805 sententia

166 845 372 923 Thucydiden.
414 847 522 906 Tertio
543 847 623 906 enim
645 846 676 905 in
697 847 777 905 libro
799 866 824 905 c.
847 851 884 907 64
905 846 1044 906 Thebani
1070 848 1217 922 loquutur
1240 849 1277 907 de

165 947 400 1008 Plataeensibus
421 949 592 1009 firmissima
613 950 748 1008 amicitia
768 968 833 1008 cum
848 949 1090 1010 Atheniensibus
1105 955 1212 1010 contra
1232 970 1276 1010 re·

165 1051 267 1125 liquos
292 1054 429 1111 Boeotos
457 1052 628 1111 coniunctis
655 1052 833 1129 criminique
861 1053 899 1110 iis
929 1054 1014 1129 dant,
1047 1055 1128 1128 quod
1160 1073 1278 1130 semper

167 1154 246 1214 idem
272 1156 369 1214 velint
394 1156 476 1230 quod
503 1156 709 1214 Athenienses
735 1162 767 1215 et
792 1156 894 1215 nolint
917 1157 1002 1230 quod
1027 1157 1139 1232 reliqui
1165 1158 1276 1216 Boeoti

166 1257 250 1326 ‚opere
267 1257 293 1312 δὲ
316 1267 368 1318 τοῖς
386 1260 430 1328 μὲν
446 1260 532 1314 τάὒτὰ
550 1258 693 1329 βουλόμενοι
710 1250 801 1322 ποιεῖν(
812 1268 862 1320 τοῖς
880 1261 906 1314 δὲ
923 1259 1063 1314 ταναντία“.
1098 1260 1195 1333 Quam
1212 1278 1277 1318 sen·
1391 1300 1392 1307 κ

166 1360 294 1419 tentiam
322 1359 463 1420 Sallustii
488 1363 590 1421 animo
618 1364 810 1421 obversatum
836 1380 902 1421 esse
929 1379 995 1422 oum
1022 1363 1085 1421 veri
1112 1362 1210 1420 simile
1236 1363 1277 1420 sit

167 1463 363 1538 (quamquam
394 1466 527 1523 concedo
560 1465 790 1524 similitudinem
823 1483 889 1524 esse
919 1466 1039 1540 levem),
1070 1483 1172 1524 nonne
1196 1465 1276 1522 bunc

167 1583 253 1623 usum
273 1568 464 1643 pronominis
486 1569 590 1642 (rubro)
613 1585 679 1626 oum
699 1568 804 1653 dativo
827 1567 983 1626 coniuncti
1004 1568 1133 1626 fortuito
1155 1569 1187 1625 in
1209 1585 1276 1625 ora·

167 1669 283 1728 tionem
303 1669 523 1730 Sallustianam
543 1676 695 1746 receptam
716 1688 781 1730 esse
802 1671 977 1731 existimare
998 1670 1181 1747 possumus?

243 1773 460 1832 Memorandus
486 1774 577 1833 etiam
603 1773 653 1832 hic
680 1779 727 1832 est
747 1791 819 1831 usus
840 1775 926 1833 verbi
946 1775 1062 1835 Docere
1082 1793 1149 1833 cum
1169 1772 1274 1830 dativo

168 1876 322 1936 coniuncti
344 1876 382 1936 cl.
401 1876 474 1937 hist
497 1881 522 1951 1,
543 1881 594 1937 98:
615 1877 735 1952 „locum
750 1876 909 1937 editiorem
925 1896 1014 1952 quam
1028 1877 1196 1936 victoribus
1216 1875 1276 1933 de·

168 1980 281 2039 cebat
301 1981 413 2056 capit“.
455 1979 540 2053 Quae
561 1983 714 2038 structura
740 1996 807 2037 cum
832 1980 914 2056 apud
941 1981 1088 2039 neminem
1112 1997 1149 2038 ex
1169 1978 1276 2054 probis

169 2081 371 2156 scriptoribus
393 2083 452 2140 nisi
473 2083 555 2158 apud
577 2080 752 2140 Terentium
776 2078 876 2158 semel,
904 2083 1014 2142 deinde
1041 2082 1123 2159 apud
1145 2080 1277 2141 Gellium

168 2191 200 2243 ct
224 2185 399 2261 Apuleium,
424 2183 618 2245 affectatores
645 2185 752 2245 talium
777 2203 886 2261 rerum,
913 2186 1096 2260 inveniatur,
1117 2185 1175 2242 iam
1197 2188 1277 2242 vete·

168 2286 254 2346 ribus
280 2289 495 2363 grammaticis,
520 2289 677 2349 Arusiano
704 2289 747 2366 (p.
773 2291 829 2348 233
856 2288 902 2348 ed.
923 2288 1076 2364 Lindem.)
1102 2293 1133 2346 et
1159 2285 1277 2355 Servio,

173 2391 224 2464 qui
244 2391 325 2450 hunc
346 2392 444 2451 locum
464 2392 503 2450 ad
520 2392 613 2468 Verg.
631 2392 710 2452 Aen.
730 2395 758 2467 8,
781 2394 835 2451 127
856 2390 1002 2463 laudavit,
1021 2390 1097 2449 mira
1116 2389 1278 2447 videbatur

169 2494 412 2569 explicandaque
442 2501 490 2553 cst
519 2513 585 2554 mea
616 2495 737 2569 quidem
768 2495 920 2553 sententia
953 2511 1019 2552 cum
1049 2493 1209 2552 Vechnero
1241 2508 1278 2548 ex

169 2597 306 2672 exemplo
323 2595 433 2656 Gracci
450 2601 534 2671 πρέπει
551 2619 594 2668 μοι
607 2603 663 2656 eto.
689 2597 770 2657 Nam
790 2614 892 2656 errare
913 2598 986 2656 mihi
1004 2594 1176 2654 Schultnius
1195 2594 1277 2653 vide·

170 2704 229 2774 tur,
257 2700 309 2775 qui
335 2699 544 2759 Ruddimanni
572 2700 755 2758 auctoritate
780 2700 865 2758 nisus
892 2699 1061 2773 contendit,
1087 2699 1166 2756 hunc
1191 2716 1278 2756 usum

170 2802 304 2877 antiquis
327 2802 530 2878 scriptoribus
551 2802 711 2878 proprium
731 2802 834 2861 fuisse.
873 2802 1013 2877 Excepto
1038 2799 1118 2860 enim
1137 2818 1198 2859 uno
1221 2800 1277 2859 re-

170 2906 281 2981 rentio,
308 2905 360 2981 qui
381 2905 438 2964 hac
458 2907 489 2964 in
511 2925 542 2966 re
564 2925 583 2965 a
604 2904 729 2965 Graecis
756 2905 887 2982 pendere
912 2905 1043 2979 videtur,
1069 2922 1106 2964 cx
1128 2904 1277 2978 omnibus,

172 3009 224 3084 qui
251 3008 431 3068 Sallustium
458 3009 651 3083 antecedunt,
682 3008 884 3085 scriptoribus
915 3009 1032 3067 nullum
1063 3009 1152 3067 huius
1184 3013 1278 3068 struc-

169 3114 257 3171 turae
288 3113 457 3186 exemplum
487 3113 648 3173 inveneris.
669 3145 707 3154 -
729 3111 802 3170 Non
833 3112 1031 3171 omittendum
1061 3118 1138 3188 puto
1169 3111 1277 3185 locum,

171 3215 222 3288 qui
249 3220 352 3274 exstat
377 3216 444 3275 Cat.
470 3217 521 3274 32:
552 3216 701 3290 „insidias
732 3216 851 3274 consuli
882 3216 1054 3275 maturent“
1078 3215 1131 3273 ubi
1156 3214 1278 3272 dativus

171 3318 285 3392 pendet
310 3337 328 3376 a
349 3319 541 3378 substantivo
563 3317 739 3393 „insidias“,
766 3318 847 3392 quod
868 3317 1022 3378 rarissime
1047 3317 1128 3393 apud
1147 3316 1278 3375 Latinos

151 3466 158 3482 f·
171 3421 303 3480 inveniri
323 3422 514 3481 demonstrat
532 3420 706 3496 Dracgerus
725 3440 755 3497 p.
776 3423 842 3479 408.
884 3419 1028 3479 Ceterum
1053 3420 1127 3478 haec
1153 3418 1279 3477 licentia

171 3542 190 3582 a
210 3523 336 3583 Graccis
358 3530 479 3600 sumpta
499 3524 607 3583 similis
633 3523 662 3582 ci
683 3528 738 3599 est,
765 3541 854 3601 qnam
878 3523 910 3581 in
930 3522 1095 3581 accusativi
1115 3539 1171 3579 usu
1192 3521 1279 3580 Diet-

172 3627 273 3686 schius
295 3645 360 3686 sese
382 3627 534 3686 iuvenisse
555 3632 644 3702 putat
669 3627 794 3702 („faeta
815 3626 1015 3699 aemnlator“)
1041 3639 1177 3700 quaeque
1197 3624 1278 3699 apud

172 3730 379 3809 Thucydidem
399 3731 541 3806 frequens
566 3736 614 3790 est
634 3730 671 3790 cl.
692 3732 720 3805 5,
741 3733 768 3790 5.
801 3733 828 3806 3,
849 3734 895 3791 89.
933 3734 959 3804 7,
981 3732 1028 3790 50.
1053 3733 1081 3804 4,
1102 3731 1148 3788 23.
1184 3730 1212 3800 5,
1232 3730 1279 3802 46,

171 3835 224 3892 ubi
238 3834 380 3894 Dukerus
401 3834 538 3909 adnotat,
559 3833 618 3893 hoc
638 3850 733 3909 genus
753 3832 875 3891 dicendi
894 3831 925 3889 in
939 3829 1061 3890 Latinis
1077 3829 1279 3906 scriptoribus

172 3937 330 3996 observari
349 3957 367 3996 a
387 3937 488 3995 doctis
508 3936 581 3995 viris
603 3936 640 3994 ad
662 3936 761 3994 locum
781 3934 1012 4008 Sallustianum,
1034 3933 1086 4008 qui
1107 3932 1213 3991 eodem
1233 3947 1280 3988 ea·

172 4037 237 4115 pite
263 4039 302 4116 (c.
328 4042 379 4115 32)
406 4045 521 4098 exstat:
552 4039 654 4114 „quod
684 4056 781 4112 neque
812 4036 975 4096 insidiae
1006 4034 1155 4094 consuli
1175 4050 1280 4110 proce·

170 4142 314 4204 debant“.
347 4142 478 4203 Duobus
499 4142 584 4202 locis.
597 4141 636 4201 ad
656 4158 761 4201 rocem
774 4141 925 4217 „insidiae
946 4137 1085 4199 oonsuli“
1100 4135 1280 4214 suplendum

1089 4248 1122 4302 2*
