2894 4704
612 341 654 350 ..
699 308 826 387 32¹„

170 500 336 554 strumenta
357 495 494 553 luxuriae
515 493 616 565 suut“‚
636 491 831 568 memorabile
859 509 942 550 sane¹
956 491 1136 567 exemplum,
1161 490 1275 566 quippe

164 600 196 666 in
219 616 277 672 qua
301 598 450 672 triplicem
470 595 621 654 orationis
636 595 837 653 variationem
852 595 1016 667 videamus,
1038 594 1161 653 eumad
1176 594 1276 651 adiec-

164 701 258 758 tivam
279 700 410 774 „docta“
430 698 558 774 primum
579 698 727 762 referatur
747 698 910 771 ablativae,
936 701 1000 756 tum
1021 695 1198 769 infinitivus,
1224 696 1276 754 de·

163 806 255 877 nique
282 801 483 860 accusativae.
505 834 542 843 -
562 802 629 875 Ing.
658 804 709 860 82:
736 800 793 875 ipsi
820 818 922 877 pares
944 833 979 842 -
1007 806 1138 858 ceterum
1164 799 1275 875 opibus

162 906 375 981 disparibus
411 905 477 963 cat.
513 907 564 963 37:
599 904 736 962 homines
771 909 991 978 egentes—
1019 903 1106 961 malie
1140 902 1277 961 moribus

163 1009 230 1081 Ing.
253 1009 304 1066 25:
326 1008 464 1066 homines
486 1007 633 1064 nobiles
648 1037 685 1049 -
704 1007 833 1081 amplis
854 1006 1024 1069 honoribus
1046 1006 1112 1079 Ing.
1136 1008 1188 1064 88:
1210 1004 1276 1078 glo·

163 1112 260 1169 riosa
286 1143 324 1154 -
351 1128 447 1184 neque
473 1100 558 1168 belli
585 1110 742 1185 patrandi
770 1111 822 1167 89:
853 1126 914 1166 rem
941 1126 1002 1166 non
1031 1108 1137 1166 eadem
1164 1106 1278 1182 asperi-

162 1218 257 1287 tate,
284 1219 414 1271 cetcrum
440 1211 519 1270 haud
547 1231 631 1270 secus
658 1212 842 1269 difficilem.
884 1211 951 1268 Cat.
978 1214 1028 1269 28:
1056 1211 1107 1284 „in
1135 1209 1278 1268 consule

163 1320 270 1371 nostro
293 1315 405 1372 multae
426 1315 584 1388 bonaeque
599 1321 680 1373 artes
699 1314 792 1371 animi
812 1317 844 1372 et
858 1314 996 1389 corporis
1011 1318 1112 1384 eraut:
1134 1312 1278 1387 patiens

163 1416 312 1491 laborum,
332 1417 394 1475 acri
416 1417 561 1492 ingenio“
582 1422 648 1492 etc,
671 1416 722 1474 ubi
745 1435 805 1473 non
822 1416 912 1474 modo
928 1432 1015 1473 casus
1030 1414 1082 1472 sed
1104 1415 1194 1473 etiam
1209 1418 1279 1474 teta

165 1524 318 1591 structura
333 1519 477 1578 variatur.
511 1519 606 1578 Aliud
621 1519 742 1592 insigne
763 1517 932 1593 exemplum
954 1523 986 1575 et
1006 1518 1123 1575 numeri
1138 1521 1170 1576 et
1188 1535 1278 1576 casus

164 1623 284 1696 variati,
306 1623 388 1696 qaod
408 1622 446 1680 ad
463 1622 721 1680 constructionem
738 1625 802 1677 κατὰ
821 1622 913 1677 σύνεσιν
933 1619 1088 1694 pertinens
1110 1620 1168 1677 iam
1185 1637 1281 1696 supra

165 1725 332 1799 attigimus,
356 1732 457 1783 exstat
477 1725 545 1799 lug.
568 1728 631 1799 102,
654 1729 685 1783 6:
714 1723 783 1793 „Ad
803 1723 862 1780 hoc
888 1722 1017 1798 popula
1039 1721 1196 1781 Romano
1218 1723 1279 1781 iam

164 1847 182 1884 a
202 1829 354 1903 principio
376 1828 483 1886 melius
504 1828 601 1885 visum
622 1826 735 1883 amicos
758 1843 846 1900 quarn
868 1843 972 1883 servos
999 1843 1152 1900 quaerere,
1179 1826 1279 1882 tutius

164 1931 230 1988 rati
251 1930 427 1993 volentibus
449 1947 538 2003 qnam
558 1929 673 1987 coactis
694 1928 899 2003 imperitare“.
934 1928 1024 1990 Hanc
1045 1929 1206 1988 lectionem
1227 1945 1281 1986 ex·

164 2033 272 2091 hibent
294 2032 402 2090 (lartio
424 2036 501 2090 teste
527 2030 784 2107 Guellerbytauns
807 2036 823 2090 7
845 2035 877 2089 et
896 2031 957 2089 dua
979 2032 1033 2089 alii
1055 2032 1184 2105 codices,
1206 2031 1281 2090 item

165 2136 334 2194 omiserunt
366 2136 507 2209 copulam
536 2135 633 2209 „que“
664 2134 849 2192 Basilicusis
880 2140 911 2192 et
934 2133 1119 2193 Parieiensie
1150 2137 1168 2192 3
1199 2140 1282 2193 teste

164 2238 337 2311 Dietschio,
358 2241 422 2296 turn
443 2255 546 2295 omnes
567 2237 639 2295 libri
660 2238 783 2296 secundi
805 2237 934 2311 ordinis,
955 2236 1085 2311 denique
1101 2255 1178 2296 uuus
1193 2237 1282 2295 tertii

167 2341 294 2399 ordinis.
335 2340 515 2398 Lectioncm
541 2343 641 2398 autem
667 2341 841 2418 „tutiusque
868 2340 947 2399 rati“
970 2342 1065 2416 'plane
1088 2339 1282 2417 perspicuam

166 2449 198 2500 et
228 2442 393 2500 dilucidam
425 2441 571 2500 exhibent
602 2442 778 2501 Turiceneie
811 2449 928 2502 tantum
959 2450 990 2502 et
1020 2443 1281 2520 Guelferbytanus

167 2543 247 2604 Gnd.
271 2548 335 2604 177.
379 2544 492 2603 Tamen
523 2562 588 2602 eam
618 2546 735 2620 recepit
763 2546 903 2604 Kritaine
934 2564 1070 2620 monens,
1102 2546 1281 2622 saepissime

167 2647 406 2720 enuntiationes,
433 2646 544 2720 quibus
566 2648 809 2706 antecedentium
830 2649 910 2707 ratic
932 2650 1086 2724 reddatur,
1113 2666 1167 2725 per
1187 2666 1281 2724 copu-

61 2777 64 2783 ·
167 2751 226 2808 lam
251 2750 406 2824 prioribus
435 2750 566 2807 annecti.
608 2749 698 2822 Quod
726 2767 885 2824 quamqem
912 2752 992 2826 apud
1017 2750 1197 2810 Sallustium
1221 2749 1282 2808 sre-

167 2871 262 2927 queas
289 2859 346 2929 eet,
371 2859 472 2921 tamen
496 2853 577 2911 hunc
602 2853 633 2910 iu
664 2853 763 2911 locum
788 2853 886 2911 miuus
915 2854 1065 2928 quadrare
1090 2859 1174 2930 puto,
1206 2855 1282 2928 quia

167 2955 293 3013 verbnm
313 2957 424 3030 „sunt“
447 2955 535 3015 facile
556 2956 696 3014 omittere
718 2957 848 3031 scriptor
870 2974 932 3015 non
953 2960 1084 3031 poterat.
1118 2958 1227 3033 Itaque
1247 2964 1282 3017 et

168 3057 350 3116 variationis
378 3062 409 3116 et
432 3058 593 3116 brevitatis
622 3057 725 3117 studio
753 3059 1061 3140 scriptoris-egregie
1086 3071 1187 3136 aptam
1212 3077 1282 3119 esse

168 3165 303 3217 nostram
325 3159 487 3218 lectionem
508 3161 635 3234 quisque
658 3161 812 3219 concedet.
846 3160 908 3235 Qui
929 3166 1029 3221 antem
1051 3162 1282 3238 Thucydidenm

168 3280 264 3335 genus
285 3262 407 3320 dicendi
428 3264 600 3322 accuratius
625 3265 815 3339 cognoverit,
842 3264 920 3323 tales
946 3269 1114 3324 structuras
1137 3265 1281 3341 Crispum

168 3363 249 3438 apud
271 3364 357 3421 illum
377 3366 499 3440 saepius
526 3384 616 3440 qnam
641 3367 722 3442 apud
743 3368 836 3426 alium
858 3367 1044 3427 Graecorum
1068 3368 1203 3427 invenire
1225 3387 1281 3444 po-

168 3466 263 3524 tuisse
284 3485 346 3525 non
366 3467 532 3542 ignorabit.
562 3469 607 3528 Of.
629 3473 656 3541 3,
676 3473 729 3530 36:
751 3471 831 3533 ἔδοξεν
850 3472 931 3530 αὺτοῖς
948 3498 979 3509 -
1000 3471 1170 3530 ἐπικαλοῦντες
1188 3472 1213 3536 7,
1232 3472 1282 3525 74ε

167 3568 247 3630 ἔδοξεν
266 3570 347 3629 αὐτοῖς
364 3579 496 3643 περιμεῖναι
513 3594 547 3608 -
565 3572 726 3641 ἀναλαβόντες
744 3575 769 3639 7,
787 3574 834 3627 42:
852 3577 962 3634 καὶτοῖς
979 3577 1023 3644 μὲν
1036 3604 1069 3614 -
1081 3573 1231 3647 κατάπληξις
1243 3601 1280 3614 ··

166 3673 260 3744 ἐγένετο
278 3699 312 3708 -
330 3671 435 3743 ὁρῶντες
456 3672 480 3737 6,
503 3672 549 3725 24:
572 3674 635 3744 ἔρως
657 3676 752 3730 ἐνέπεσε
771 3704 804 3716 -
821 3685 872 3735 τοῖς
896 3678 921 3730 ἐν
939 3681 970 3750 τῇ
995 3679 1127 3749 ἡλικίᾳ-
1146 3651 1279 3738 Ιεὐέλπιδες

168 3771 244 3834 iaec.
258 3807 296 3818 -
310 3774 347 3832 Iu
360 3774 409 3832 his
425 3775 564 3832 omnibus
579 3775 655 3834 nihil
670 3777 828 3836 insolitum
843 3797 917 3854 esee,
935 3797 1001 3838 cum
1015 3798 1076 3838 vox
1090 3781 1206 3844 ,,ἕδοξεν“
1220 3788 1281 3844 etc.

167 3895 270 3953 parem
296 3878 358 3936 vim
382 3877 494 3943 habeat
518 3881 609 3952 atque
630 3881 839 3951 ,,ἐβουλεὺσαντο“
864 3887 970 3941 notum
990 3888 1046 3943 eet.
1089 3884 1190 3956 Quare
1211 3884 1281 3944 Sal·

169 3981 293 4051 lustium
326 3980 384 4038 hoc
409 3997 465 4038 usu
492 3980 614 4040 dicendi
645 3988 825 4043 commotum
850 3985 918 4061 pari
949 3986 1037 4045 mode
1057 4004 1130 4046 voce
1162 3988 1282 4063 „visum

169 4084 233 4142 est“
254 4101 339 4142 usum
361 4101 426 4142 esee
448 4083 511 4142 veri
532 4102 594 4142 noa
614 4085 762 4148 dissimile
784 4095 839 4146 est.
882 4087 1023 4148 Ceterum
1044 4090 1134 4148 huius
1154 4107 1280 4149 casuum
