2894 4704
462 319 465 325 ’
615 353 829 412 -36-

166 540 235 615 Iug.
260 542 364 619 49,1;
396 538 597 597 Bomilcarem
623 552 708 611 proe-
736 533 831 592 Thac.
847 538 874 608 7,
888 536 939 593 83:
961 531 1149 587 αἰσθάνονται
1161 532 1208 589 ,καὶ
1224 532 1279 589 ἐπα

207 643 302 701 fecit
322 658 448 715 eumque
469 641 605 699 edocet.
770 638 894 692 ώνασαν.

164 745 231 820 lug.
253 748 300 819 64,
321 746 353 803 3:
376 749 539 820 postquam
555 775 588 785 —
604 738 709 799 dixit
736 738 831 815 'Phua
854 744 880 813 1,
901 741 953 798 95:
974 736 1080 808 ε’σθὺνθη
1094 736 1280 791 -ἀπσλὺεταα

207 865 303 921 neque
324 879 361 890 --
382 847 552 907 flectitur.

245 1035 459 1111 Imperfectum
480 1052 546 1093 curn
566 1033 717 1109 perfecto:

167 1163 234 1223 Cat.
262 1167 307 1238 12,
334 1169 363 1223 1:
390 1170 554 1238 postquam
581 1193 618 1204 -—
639 1179 706 1219 coe·
734 1159 829 1218 Thac.
865 1163 891 1234 7,
922 1163 973 1218 20:
1006 1161 1029 1214 ol
1052 1158 1166 1214 Αθεναῖσα
1188 1161 1281 1214 ἕσσει-

204 1283 275 1342 pere
297 1270 329 1324 et
349 1298 387 1308 -
410 1267 619 1339 sequebatur.
768 1263 825 1318 λαν
847 1265 888 1317 καὶ
907 1289 941 1300 -·
959 1263 1116 1317 ἀπέστελλον.

168 1369 235 1429 (lat.
259 1372 304 1442 10,
326 1373 355 1426 1:
378 1368 534 1443 Carthago
558 1367 707 1440 interiit,
736 1366 830 1424 Thac.
847 1371 873 1441 7,
888 1370 940 1424 44:
956 1365 1063 1439 θόρυβον
1075 1367 1151 1420 πολὺν
1162 1375 1283 1440 παρεῖχον

203 1477 312 1529 cuncta
332 1471 508 1546 patebant
770 1497 803 1508 —-
821 1471 867 1523 καὶ
885 1471 1045 1541 κατέστησαν.

167 1573 251 1633 Hist.
265 1576 294 1646 3,
307 1577 356 1649 81,
371 1577 401 1632 l:
423 1574 448 1632 si
469 1591 576 1648 parum
596 1573 709 1630 existu-

204 1677 326 1735 mareti
337 1695 396 1735 s—
408 1675 615 1734 disserendum
626 1674 663 1731 fu
672 1675 709 1734 it.

241 1837 285 1926 In
299 1865 467 1924 enuntiatis
481 1862 670 1923 secundariis
691 1879 781 1938 saepe
802 1863 884 1938 apud
899 1861 1078 1920 Sallustium
1102 1863 1277 1938 praesentia

165 1971 324 2046 excipiunt
344 1969 530 2044 imperfecta,
561 1966 613 2023 nbi
636 1965 829 2042 Thucydides
857 1984 917 2023 non
946 1966 1035 2024 modo
1063 1972 1202 2040 tempora
1225 1965 1278 2023 sed

165 2075 258 2133 etiam
282 2071 388 2131 modos
411 2071 517 2129 variat.

166 2201 233 2262 Cat.
244 2198 478 2274 32,2:mandat,
492 2198 602 2272 quibus
614 2199 705 2257 rebus
735 2197 830 2258 Thac.
865 2203 892 2272 7,
929 2202 978 2258 17:
1012 2199 1123 2258 ναῦς·σὶ
1151 2195 1278 2271 Κορίνθιοι

202 2309 360 2381 possent,
382 2320 456 2378 opes
471 2301 615 2360 factionis
634 2321 704 2361 eou—
769 2286 897 2375 ἐσλήρσνν,
912 2301 979 2361 ὅπως
988 2302 1279 2373 decrepitorum-acl

198 2408 344 2466 firment.
767 2405 909 2459 κωλΰοιεν.

165 2509 232 2568 (lat.
254 2512 301 2582 34,
323 2515 354 2569 l:
381 2506 551 2584 respondit,
577 2508 603 2565 si
632 2509 704 2583 quid
735 2507 829 2566 Thac.
855 2511 882 2581 8,
907 2509 960 2565 87:
987 2509 1068 2576 οἱμὲν
1084 2507 1124 2561 ἵνα
1143 2508 1278 2582 διατρίβῃ

202 2633 221 2671 a
246 2620 353 2673 senatu
379 2612 539 2688 vellent,
566 2613 603 2670 ab
631 2613 705 2670 arnis
768 2638 803 2649 -
821 2611 880 2676 oue,
897 2612 936 2665 loa
955 2638 987 2648 -
1005 2612 1239 2683 ἐκχρημασίσαιτσ.

201 2716 391 2775 discedant
413 2747 450 2759 -

165 2819 233 2881 eat.
254 2823 300 2894 34,
326 2823 358 2879 2:
389 2819 509 2878 litteras
541 2818 636 2878 mittit
672 2851 703 2860 —

203 2921 343 2996 quoniam
354 2922 495 2994 resistere
509 2921 708 2997 nequiverit

204 3056 242 3066 -
264 3042 324 3083 non
347 3042 405 3099 quo
428 3025 568 3083 conscius
594 3030 746 3092 esset!⁴

243 3212 342 3288 Saepe
373 3210 464 3270 etiam
496 3209 662 3269 Sallustius
696 3210 941 3269 consecutionem
976 3215 1162 3287 temporum,
1199 3230 1276 3287 quae

168 3323 304 3391 vocatur,
324 3312 467 3390 negligit,
489 3320 536 3373 ut:

319 3418 386 3480 (lat.
407 3423 454 3495 41,
476 3419 510 3479 5:
544 3417 702 3494 praecepit
722 3423 757 3476 ut
779 3450 817 3461 -
841 3417 994 3477 simulent.

320 3522 388 3597 lug.
408 3525 454 3597 28,
478 3528 512 3582 1:
542 3521 701 3597 proecepit
720 3554 757 3564 —-
778 3523 1006 3604 aggrediuntur.

317 3626 384 3700 Ing.
408 3628 451 3698 13,
473 3629 504 3683 6:
535 3623 748 3700 praecepitut
769 3626 982 3700 -expleant

242 3726 332 3785 Talia
353 3727 433 3802 apud
448 3727 526 3784 alios
541 3727 673 3785 inveniri
692 3733 797 3786 notum
816 3735 863 3786 est
877 3728 1072 3803 (quamquam
1085 3728 1276 3803 frequentius

163 3831 245 3908 apud
273 3831 437 3906 scriptores
464 3835 625 3905 argenteae
655 3829 774 3889 demum
799 3831 998 3907 Latinitatis)
1031 3832 1082 3890 sed
1114 3832 1187 3890 mihi
1210 3830 1277 3890 Sal-

164 3935 274 3992 lustius
290 3934 362 3991 fines
378 3932 516 3991 licentiae
530 3936 740 4009 transgressus
764 3952 828 3992 esse
843 3935 965 3994 videtur
979 3936 1032 4006 ita,
1054 3938 1088 3993 ut
1102 3935 1276 3994 liberiorem

165 4036 349 4096 Graecorum
371 4053 455 4094 nsum
474 4042 578 4111 putem
599 4037 789 4111 aliquantum
810 4038 952 4097 attulisse
967 4038 1005 4097 ad
1026 4038 1277 4097 honorationem

163 4140 293 4201 dicendi.
