2894 4704
695 397 892 459 -e-.

236 585 395 660 proprium
416 588 470 642 ant
491 581 614 640 omnino
636 579 830 640 memorabile
852 579 893 637 sit
911 583 966 638 aut
985 574 1022 637 ex
1039 574 1225 655 Graecorum
1247 578 1345 639 imita2

236 688 320 745 tione
345 686 516 761 proiectum
534 697 606 742 'esse
632 683 781 758 rideatur,
812 700 878 741 cum
905 683 987 759 apud
1013 680 1222 758 Thucydidem
1249 683 1345 742 multo

236 788 328 846 latius
348 792 454 862 patere
474 787 555 845 hunc
576 785 804 844 collectivorum
824 802 910 843 usum
931 791 1036 843 notum
1058 782 1107 843 sit.

316 891 437 950 Maiore
450 889 577 948 licentia
588 888 752 947 Sallustius
763 892 837 963 post
848 886 1010 945 collectiva
1024 887 1056 943 in
1068 885 1172 944 eodem
1187 887 1346 945 enuntiato

237 1012 391 1053 numerum
413 993 503 1051 etiam
517 991 643 1050 variat
664 995 697 1049 ut
713 989 780 1049 Cat.
796 994 823 1062 7,
843 994 875 1048 4:
896 992 1052 1066 juventur,
1074 987 1199 1046 simulac
1220 1021 1255 1031 -
1271 993 1347 1064 erat,

237 1098 376 1155 discebat
396 1129 432 1137 —
454 1094 610 1153 habebant
629 1097 676 1169 23,
697 1097 729 1152 6:
757 1093 903 1151 nobilitas
925 1093 1087 1151 aestuabat
1111 1122 1148 1135 -
1173 1090 1346 1152 credebaut.
1414 1150 1418 1158 ,

239 1199 325 1258 Haec
345 1198 480 1271 licentia,
501 1197 587 1254 cuins
601 1194 703 1254 nescio
725 1214 763 1253 arr
785 1195 869 1252 nulla
888 1194 971 1269 apud
983 1193 1164 1266 Ciceronem
1184 1199 1216 1252 et
1238 1192 1347 1252 Caesa·

237 1319 298 1361 rem
319 1304 442 1360 exstent
462 1299 573 1358 similia
598 1298 745 1373 exempla,
772 1297 937 1356 communis
958 1297 985 1355 ei
1000 1352 1002 1357 ,
1015 1315 1081 1355 eum
1103 1295 1279 1372 Thucydide
1300 1303 1348 1354 est

242 1410 376 1462 amatore
398 1401 548 1461 orationis
569 1401 713 1459 variatae.
747 1399 898 1474 Compara
919 1399 998 1457 enim
1019 1400 1103 1458 locos
1124 1402 1151 1473 5,
1172 1401 1222 1457 31:
1241 1398 1350 1467 ἦλθε-

239 1507 354 1578 πρεσβεία
382 1505 454 1564 εὐθὺς
482 1507 524 1558 καὶ
552 1505 710 1575 &autquarta
728 1506 750 1566 1,
777 1503 821 1558 13:
845 1501 973 1576 ἐξηρτὺετο
996 1505 1012 1572 ἡ
1034 1501 1127 1565 Ἑλλὰς
1149 1531 1183 1544 -
1208 1504 1250 1554 καὶ
1271 1503 1349 1555 dacti-
1413 1568 1416 1573 ὁ

240 1629 316 1682 porro
334 1610 358 1674 8,
377 1609 424 1662 72:
442 1607 455 1661 ὁ
474 1607 552 1676 δῆμος
564 1608 618 1659 -l
636 1605 712 1677 cpttq
723 1607 772 1658 aad
783 1632 816 1642 -
829 1605 896 1678 εἶχαν
914 1607 938 1672 2,
956 1607 1003 1660 21:
1024 1607 1166 1680 ἀνήρεθῑστο
1185 1609 1201 1678 ἡ
1221 1605 1289 1662 πόλις
1307 1607 1349 1658 καὶ

238 1737 273 1751 ·-
296 1719 363 1783 εἶχον
380 1712 423 1764 καὶ
441 1712 562 1781 ἐμέμνητο
580 1711 605 1775 2,
623 1709 671 1762 83:
693 1709 722 1762 τὸ
741 1709 852 1763 ναυτικὸν
872 1736 906 1749 -
923 1709 952 1763 od
968 1711 1140 1783 παραγίγνεται
1158 1709 1209 1763 ἀλλ’
1228 1709 1349 1779 ἠναγκάσ-

240 1814 326 1884 θησαν.
839 1815 843 1827 '

318 1914 422 1972 Ambo
443 1914 640 1973 consentiunt
672 1913 704 1969 in
725 1930 761 1970 ea
783 1912 1020 1987 constructione,
1052 1931 1111 1988 qua
1135 1914 1255 1971 duobus
1281 1913 1349 1970 sub·

242 2015 384 2075 stantivis
402 2017 632 2092 praepositione
654 2015 730 2075 Cum
753 2015 802 2073 vel
825 2018 867 2070 καὶ
887 2016 1039 2092 copulatis
1059 2015 1188 2091 pluralis
1210 2034 1349 2075 numerus

243 2118 449 2193 subiungitur,
476 2124 511 2175 ut
531 2118 598 2192 Ing.
621 2121 667 2192 38,
687 2121 720 2176 6:
750 2118 861 2176 cohors
888 2136 948 2176 una
967 2118 1118 2193 Ligurum
1143 2136 1209 2177 cum
1233 2118 1351 2177 duabus

243 2221 350 2280 turmis
375 2221 523 2280 transiere
552 2225 615 2294 101,
642 2225 674 2280 5:
707 2221 830 2279 Bochus
857 2239 923 2278 curn
947 2219 1103 2295 peditibus
1129 2254 1165 2264 -
1186 2222 1280 2280 aciem
1306 2222 1350 2278 in·

244 2325 358 2383 vadunt
380 2323 446 2383 Cat.
468 2326 515 2400 43,
538 2329 570 2382 l:
592 2324 743 2382 Lentulus
765 2341 830 2381 cum
851 2324 960 2381 ceteris
981 2357 1018 2366 -
1039 2325 1273 2383 constituerant.

322 2426 417 2499 Quem
437 2426 566 2502 pluralis
587 2425 703 2483 numeri
730 2443 817 2483 nsum
844 2426 901 2484 etsi
922 2426 1164 2500 Badstuebnero,
1192 2427 1244 2500 qui
1264 2426 1352 2484 Mad-

244 2529 320 2604 vigii
342 2535 373 2587 et
392 2529 527 2604 Zumptii
548 2529 732 2587 auctoritate
753 2528 870 2598 nititur,
900 2527 1034 2586 concedo
1055 2531 1146 2588 etiam
1166 2528 1247 2605 apud
1273 2528 1351 2585 alios

208 2652 209 2655 ¹
248 2632 414 2706 scriptores
434 2631 516 2688 haud
542 2629 763 2704 infrequentem
784 2649 859 2705 esse,
886 2637 984 2690 tamen
1013 2637 1094 2691 recte
1116 2630 1280 2691 Graeteras
1305 2630 1352 2705 (in

244 2751 440 2810 programm:
476 2737 559 2792 Ueber
584 2739 627 2791 die
653 2735 770 2807 Spacar'a
800 2737 1022 2809 Materter1855,
1048 2757 1077 2808 p.
1089 2739 1118 2810 9)
1144 2733 1289 2809 exemplis
1317 2751 1353 2790 ex

247 2837 393 2896 Cicerone
414 2835 518 2893 allatis
539 2834 771 2910 demonstravit,
795 2836 980 2912 singularem
993 2854 1149 2895 nnmerum
1169 2835 1250 2912 apud
1272 2836 1352 2910 opti-

246 2957 310 2997 mos
330 2946 471 2995 auctores
491 2938 639 2996 usitatum
659 2955 733 2996 esse.
772 2938 879 3012 Neque
905 2938 987 3013 quod
1008 2939 1167 3014 Zumptius
1194 2938 1219 3013 ξ.
1241 2941 1297 2997 375
1321 2938 1353 2995 in

184 3030 186 3035 ⁸
245 3039 348 3110 adnot.
365 3043 382 3098 3
397 3040 588 3099 observavit:
609 3039 758 3114 pluralem
772 3042 924 3116 usurpari,
946 3041 971 3098 si
987 3042 1153 3099 subiectum
1167 3040 1353 3116 interposito

247 3143 378 3216 quodam
412 3143 572 3201 enuntiato
603 3160 622 3199 a
650 3142 744 3201 verbo
778 3148 950 3219 separatum
984 3145 1077 3217 esset,
1110 3143 1142 3201 in
1177 3141 1354 3201 Sallustium

138 3266 141 3272 ·
248 3245 388 3318 quadrat.
422 3244 502 3304 Nam
523 3245 554 3302 in
575 3244 726 3303 Historiis
748 3245 861 3320 legitur
882 3249 909 3320 2,
930 3249 977 3319 96,
997 3249 1030 3303 6:
1054 3245 1117 3302 dux
1137 3245 1270 3304 hostium
1290 3263 1355 3302 cum

245 3347 320 3405 nrbe
341 3346 488 3404 Valentia
508 3350 540 3405 et
559 3345 694 3405 exercitu
714 3346 815 3406 deleti.

324 3447 425 3521 Quare
450 3465 512 3506 non
539 3446 651 3507 iniuria
675 3449 754 3508 hanc
779 3450 1037 3509 constructionem
1064 3451 1144 3508 inter
1176 3467 1226 3507 eas
1252 3466 1354 3506 nnme-

247 3552 372 3610 randam
391 3540 464 3609 esse
477 3568 596 3624 censeo,
617 3531 693 3626 quae
714 3553 850 3628 apertius
870 3553 1083 3612 anctoritatem
1106 3551 1256 3611 orationis
1272 3549 1355 3607 Thu·

247 3650 390 3729 cydideae
410 3650 554 3726 prodant,
578 3669 614 3709 ex
636 3669 695 3726 quo
717 3653 989 3723 luculentissimum
1008 3654 1098 3712 huius
1120 3653 1164 3711 rei
1185 3652 1355 3728 exemplum

251 3755 405 3813 invenitur
426 3756 453 3829 3,
476 3756 544 3815 109;
572 3753 733 3829 Δημοσθένης
746 3759 807 3826 μετὰ
823 3763 874 3812 τῶν
888 3733 1030 3829 capuan-[dv
1043 3757 1193 3810 σπένδονται.
1222 3753 1354 3813 Omnino

248 3858 330 3934 apud
344 3875 411 3916 eum
425 3856 635 3917 memorabiles
649 3876 702 3917 eos
716 3860 801 3918 locos
816 3876 881 3917 esse
895 3858 1007 3933 Poppo
1029 3858 1069 3933 (Ι,
1085 3864 1111 3933 1,
1125 3876 1154 3934 p.
1169 3857 1220 3930 96)
1243 3862 1356 3928 monet,

247 3959 297 4036 „in
319 3959 428 4034 quibus
449 3960 560 4034 aliquis
581 3978 642 4019 uua
657 3979 723 4020 cum
737 3962 806 4021 aliis
825 3960 980 4037 quidpiam
995 3961 1101 4019 iecisse
1121 3960 1270 4018 dicatur.“
1304 3957 1355 4016 Ibi

247 4062 327 4122 enim
348 4062 527 4138 scriptorem
549 4080 638 4138 saepe
661 4063 824 4138 singularis
849 4071 881 4124 et
905 4063 1035 4140 pluralis
1060 4081 1146 4122 usum
1167 4062 1294 4137 variare,
1321 4066 1356 4121 ut

250 4169 276 4239 l,
297 4167 343 4226 91.
362 4169 390 4242 8,
411 4167 448 4226 56
469 4169 501 4224 ct
520 4165 605 4226 alibi.
