2866 4716
636 354 845 413 -38*

180 538 247 610 bus,
269 535 381 611 partim
404 537 434 592 in
457 535 577 594 ratione
596 535 743 595 historica
764 534 914 596 interdum
928 537 1107 614 simpliciter
1128 536 1210 610 quid,
1232 555 1295 593 non

185 638 338 712 quomodo
367 639 477 695 factum
510 639 559 712 sit,
592 643 763 711 enarrante,
793 639 905 713 partim
936 640 1027 698 etiam
1058 639 1088 696 in
1116 639 1310 713 priodorum·

183 757 345 813 earumque
366 741 565 798 membrorum
586 741 776 799 connexione
798 759 888 818 saepe
911 742 970 801 levi
993 743 1032 800 ob
1055 742 1181 800 omissas
1203 759 1304 816 copu··

185 842 239 916 las,
259 842 338 899 uude
353 841 534 917 Asyndotou
551 842 708 917 propriam
724 842 851 919 Crrispo
872 845 997 920 liguram
1012 844 1151 920 appellat
1173 842 1298 901 Corte.“

263 943 443 1016 Quicunque
477 947 577 1002 autem
618 945 764 1005 brevitati
806 947 923 1020 studet,
963 946 1122 1004 sententiis
1158 944 1298 1002 nervosis

185 1046 351 1121 vigoreque
373 1047 593 1105 excellentibus
621 1048 666 1106 uti
687 1048 779 1107 debet
799 1065 896 1123 neque
921 1056 1086 1125 propterea
1108 1045 1299 1122 Thucydidis

186 1147 322 1208 imitator
342 1149 496 1207 vocandus
517 1154 574 1222 est,
600 1151 680 1209 idem
706 1150 900 1209 iudicandum
921 1154 968 1210 est
990 1151 1031 1209 ‘de
1052 1156 1117 1209 arte
1137 1147 1300 1222 historica,

187 1252 269 1327 quod
290 1258 391 1311 autem
404 1253 498 1312 tertio
520 1254 589 1311 loco
611 1253 707 1326 affert,
724 1252 864 1328 Crispum
886 1272 975 1330 saepe
997 1253 1157 1312 enuntiata
1178 1250 1300 1310 omissis

187 1355 306 1430 copulis
328 1355 416 1414 iuxta
435 1374 558 1432 ponera,
583 1357 642 1414 hoc
662 1357 766 1432 potius
789 1374 856 1415 cum
875 1357 979 1415 multis
1000 1357 1074 1416 viris
1095 1355 1193 1414 doctis
1208 1351 1299 1429 (Ger-

188 1458 298 1533 lachio,
319 1459 451 1534 Lawsio,
472 1458 626 1534 Dclturio,
651 1458 867 1534 Bruennertio)
896 1460 935 1517 ad
956 1459 1157 1518 imitationem
1177 1455 1299 1531 antiqui

189 1561 336 1620 sermonis
352 1561 488 1636 referam,
510 1562 659 1638 siquidem
681 1566 718 1622 cx'
734 1562 905 1623 imitatione
925 1563 984 1622 hoc
999 1568 1102 1620 natum
1122 1579 1188 1621 esse
1202 1578 1301 1635 neque

188 1683 226 1722 ex
258 1664 399 1723 Sallustii
433 1665 537 1724 indole
571 1666 795 1726 existumamus.
846 1666 988 1740 Denique
1021 1665 1192 1741 Asyudeta,
1225 1681 1303 1738 quae

189 1765 368 1842 augustiore
399 1785 488 1826 sensu
514 1775 672 1844 vocantur,
702 1770 822 1830 minime
852 1788 889 1828 ex
917 1768 1094 1845 Thucydide
1123 1768 1305 1844 scriptorem

189 1871 310 1929 haurire
330 1870 479 1946 potuisse,
509 1870 599 1930 immo
628 1874 715 1932 valde
744 1873 865 1932 differre
892 1873 948 1930 hac
975 1872 1006 1929 in
1028 1890 1059 1930 re
1085 1872 1191 1929 ambos
1213 1870 1304 1942 infra,

190 1972 242 2031 ubi
261 1973 299 2030 de
320 1974 426 2048 figuris
446 1974 591 2049 dicemus,
617 1975 901 2044 demonstrabimus.
953 1974 1093 2033 Ceterum
1118 1992 1155 2032 eo
1181 1972 1303 2031 facilius

191 2075 303 2151 Poppo
324 2075 364 2133 ad
385 2077 463 2135 hanc
484 2077 665 2136 seutentiam
687 2077 813 2154 perduci
833 2083 965 2153 poterat,
988 2076 1068 2152 quod
1091 2074 1303 2150 Quintilianus

192 2177 283 2237 etiam
303 2179 484 2238 celebratam
505 2180 686 2240 brevitatem
712 2181 751 2239 ad
773 2181 960 2257 Thucydidis
986 2179 1187 2238 imitationem
1208 2181 1303 2237 rettu-

192 2279 264 2339 lisse
285 2280 407 2340 videtur
428 2283 497 2342 loco
520 2301 613 2359 supra
634 2283 772 2343 laudato:
795 2283 912 2358 „Attici
931 2281 1078 2359 praecisis
1099 2281 1303 2340 conclusioni·

192 2384 249 2440 bus
271 2383 393 2442 obscuri
415 2383 594 2444 Sallustium
616 2389 707 2460 atque
729 2386 936 2463 Thucydidem
957 2385 1131 2462 superant.“
1175 2393 1178 2400 '

272 2486 446 2560 Quondam,
483 2504 560 2560 quae
596 2488 634 2546 ad
669 2490 850 2548 brevitatem
885 2489 1103 2548 Sallustianam
1135 2486 1303 2563 pertinent,

194 2588 372 2646 conabimur
392 2589 599 2650 demonstrare
619 2591 659 2650 ad
679 2592 757 2650 hanc
777 2593 979 2651 imitationem
1005 2589 1110 2650 referri
1137 2608 1228 2666 posse
1249 2590 1305 2649 sed

195 2689 287 2766 louge
308 2690 368 2749 alia
394 2697 485 2766 atque
507 2693 618 2769 Poppo
648 2692 775 2753 censuit.
826 2695 1012 2753 luveniemus
1039 2699 1138 2752 autem
1163 2693 1246 2766 hacc,
1278 2693 1303 2749 si

194 2794 453 2870 exploraverimus
470 2796 579 2869 quibus
600 2796 630 2855 in
646 2799 735 2855 rebus
757 2798 832 2857 insit
851 2797 985 2857 brevitas
1004 2796 1113 2856 Graeci
1133 2795 1304 2872 scriptoris.

196 2895 302 2970 Atque
325 2902 470 2969 quattuor
490 2897 610 2972 quidem
632 2917 738 2957 causas
759 2904 915 2958 enumerat
929 2900 1040 2975 Poppo
1064 2898 1104 2972 (1,
1127 2903 1153 2973 l,
1173 2916 1203 2973 p.
1218 2899 1304 2970 281):

300 2999 327 3072 1)
350 2998 451 3072 „quod
472 3001 594 3075 saepius
625 3007 655 3058 et
674 3000 779 3059 durius
808 3018 896 3075 quarn
922 3001 1003 3076 apud
1030 3001 1109 3060 alios
1136 2997 1305 3074 scriptores

351 3102 452 3174 verba,
468 3119 543 3175 quae
559 3119 597 3158 ex
612 3103 872 3162 antecedentibus
887 3103 984 3178 repeti
999 3109 1141 3178 possunt,
1162 3102 1305 3160 omittan-

352 3209 410 3278 tur,
433 3203 535 3277 (quam
556 3207 738 3262 structuram
763 3205 811 3260 ἀπὸ
828 3211 911 3260 κοινοῦ
932 3207 1092 3281 appellant
1113 3203 1245 3280 Graeci).

300 3306 329 3380 2)
352 3304 433 3378 quod
463 3303 599 3379 integrae
630 3306 785 3365 breviores
817 3309 987 3367 sententiae
1018 3309 1057 3367 ad
1087 3307 1306 3366 conectendum

352 3424 519 3466 sermonem
545 3410 733 3468 necessariae
763 3415 793 3467 et
814 3411 912 3469 media
938 3411 1084 3485 quaedam
1110 3409 1306 3487 periodorum

353 3511 485 3569 membra
505 3511 605 3571 desint
626 3518 657 3570 et
676 3495 837 3587 particulis
858 3517 975 3573 tantum
996 3513 1170 3574 innuantur.
1237 3548 1239 3552 ν

248 3638 251 3642 ’
300 3609 330 3685 3)
353 3612 435 3685 quod
456 3613 584 3671 subinde
605 3613 767 3689 abruptior
788 3612 828 3672 sit
848 3615 949 3673 oratio
970 3623 1002 3674 et
1020 3635 1076 3691 per
1096 3616 1193 3675 ineisa
1212 3622 1306 3690 atque

353 3714 421 3771 cola
442 3714 572 3774 incedat.
735 3781 737 3787 ,

301 3814 332 3890 4)
354 3816 436 3890 quod
457 3817 617 3875 notionum
631 3816 763 3891 ipsarum
785 3820 896 3891 arguta
915 3835 980 3876 esse
1001 3820 1101 3880 soleat
1119 3821 1255 3882 densitas
1276 3829 1309 3883 ot

354 3919 522 3979 sententiae
542 3921 712 3996 complures
733 3921 838 3996 paucis
858 3921 959 3979 verbis
982 3924 1220 3998 exprimuntur.“

280 4023 362 4096 Quid
392 4023 429 4081 de
460 4021 599 4094 oratione
629 4023 761 4097 abrupta
790 4024 927 4097 sentiam,
957 4042 994 4082 ex
1025 4026 1072 4101 iis,
1107 4045 1183 4103 quae
1214 4023 1319 4106 supra

200 4126 343 4202 diximus,
363 4132 502 4202 apparet,
528 4128 580 4186 sed
606 4127 698 4186 liceat
717 4124 789 4184 mihi
816 4125 873 4184 hac
897 4126 935 4185 de
961 4145 993 4186 re
1019 4132 1188 4192 accuratius
1212 4135 1306 4210 paulo
