2894 4704
616 365 830 423 ..25-¹

166 552 272 605 notum
292 551 347 605 est.
386 547 467 605 Num
500 553 581 606 reete
612 552 712 605 autem
738 547 850 624 Poppo
881 549 1034 622 indicarit,
1059 552 1139 609 hunc
1163 570 1275 610 merem

167 649 245 706 tales
273 649 433 722 genetivo·
460 649 619 707 adiectivis
651 649 782 708 addendi
809 669 827 708 a
854 649 979 709 Graecis
1005 653 1175 712 derivatum
1201 672 1276 728 esse,

166 751 303 808 dubitari
328 758 441 826 potest.
478 752 711 811 Concedendum
733 754 811 811 enim
833 759 879 812 est
893 754 1059 830 Herzogio,
1082 757 1132 830 qui
1154 758 1275 815 deloco

168 855 235 914 Cat.
256 858 303 928 33,
326 860 356 912 l:
382 856 539 930 „plerique
560 858 707 931 patriae
729 858 780 915 sed
802 859 1004 916 omnes'fama
1030 866 1121 932 atque
1142 859 1276 917 fortunis

167 963 308 1032 expertes
336 956 469 1030 sumus“)
497 957 649 1016 disserens
677 958 773 1032 addit,
801 960 877 1017 tales
895 960 1071 1018 “structuras
1098 979 1159 1018 nen
1186 961 1275 1019 modo

167 1077 204 1118 ex
231 1060 401 1118 imitatione
430 1059 614 1119 Graecorum
639 1062 802 1136 profectas.
829 1061 881 1119 sed
908 1061 940 1118 in
962 1063 1029 1137 ipsa
1056 1080 1142 1120 casus
1167 1070 1277 1121 natura

166 1163 286 1238 positas
308 1180 382 1221 csse.
406 1148 408 1156 ἱ

244 1266 292 1323 Ex
312 1265 370 1323 hac
391 1267 500 1323 natura
521 1265 735 1341 explicandum
756 1284 820 1326 esse
846 1273 922 1342 puto
948 1268 1122 1343 genetivum
1143 1268 1275 1342 „animi“

168 1387 234 1453 cum
255 1369 357 1426 verbis
378 1368 426 1426 vel
452 1368 611 1427 adieetivis
639 1369 776 1428 affectum
803 1371 1046 1445 significantibus
1073 1372 1277 1445 coniunctum,

166 1472 205 1529 de
236 1489 295 1546 quo
327 1470 416 1528 multi
435 1470 673 1546 disputaverunt
692 1473 776 1530 docti
797 1473 864 1530 viri.
907 1473 1038 1546 Quidum
1065 1474 1277 1532 existimarunt

167 1576 246 1633 hauc
266 1575 393 1632 sormam
415 1575 581 1634 ablativum
602 1576 773 1649 antiquitus
795 1576 887 1633 fuisse
910 1577 1122 1650 (cf.Draege1·.
1143 1595 1172 1651 p.
1194 1574 1275 1651 443),

169 1677 250 1751 quod
281 1677 397 1735 frustra
427 1678 624 1753 comprobare
657 1679 847 1737 studuerunt.
895 1679 1056 1736 Invenitur
1087 1684 1187 1743 autem
1218 1678 1278 1736 iam

167 1784 238 1838 ante
267 1779 454 1852 Ciceronem,
484 1780 566 1855 apud
594 1780 953 1856 Gaesaremnumquam,
984 1781 1065 1856 apud
1097 1779 1277 1838 Sallustium

167 1882 421 1956 frequentissime,
443 1882 498 1939 sed
518 1888 636 1940 tautum
657 1883 689 1939 in
709 1882 858 1956 historiis,
885 1888 919 1939 ut
944 1884 1058 1957 ‚animi
1079 1883 1188 1940 atrox“
1209 1883 1276 1957 „sr-

166 1988 263 2043 matus
284 1985 396 2042 animi“
424 1989 480 2046 etc.
520 1985 670 2060 Equidem
697 1986 775 2043 hunc
801 1986 974 2061 genetivum
1001 2005 1065 2044 eam
1090 1986 1201 2045 habere
1217 1986 1277 2043 vim

166 2091 254 2162 pute,
283 2092 318 2145 ut
348 2105 396 2145 res
424 2089 626 2164 signefieetur,
657 2089 696 2147 ad
724 2106 812 2162 quam
839 2090 925 2147 notio
956 2089 1111 2164 respiciat,
1143 2105 1218 2162 quae
1245 2090 1277 2146 in

166 2190 259 2248 verbo
281 2191 330 2249 vel
350 2190 502 2248 adiectivc
529 2191 674 2266 apposito
704 2191 785 2248 inest
805 2179 978 2266 (vernacule
1004 2191 1146 2249 dicimus:
1173 2198 1202 2250 ia
1225 2197 1277 2250 Aa·

166 2299 263 2368 eehaap
289 2300 334 2351 des
360 2297 493 2367 demetriae,
521 2301 569 2352 der
594 2297 771 2367 Geeiaaaap),
803 2309 982 2367 quamquam
1009 2292 1057 2350 hie
1082 2309 1154 2350 usus
1179 2294 1277 2368 magis

168 2395 354 2454 Graecorum
374 2397 519 2472 proprius
540 2403 596 2471 est,
617 2397 699 2472 apud
714 2414 789 2471 quos
804 2396 963 2469 genetivus
982 2396 1040 2453 hac
1055 2395 1277 2470 significatione

168 2502 332 2574 usurpatus
353 2500 481 2558 maxime
501 2501 539 2558 ab
564 2500 717 2558 adverbiis
738 2498 853 2575 pendet
876 2498 913 2556 cf.
934 2498 1046 2557 Matth.
1068 2498 1094 2575 ξ.
1116 2501 1278 2556 337-338.

167 2601 286 2677 Zumpt.
315 2602 341 2677 ξ.
367 2605 438 2661 437:
468 2607 571 2662 Feraer
596 2617 683 2662 serzea
711 2611 749 2661 eie
776 2603 808 2679 (i.
835 2621 860 2660 e.
886 2607 995 2678 poetae
1021 2601 1103 2674 iique
1129 2601 1279 2674 historici,

169 2703 221 2778 qui
249 2723 352 2762 eorum
378 2722 473 2778 genus
499 2703 622 2762 dicendi
649 2704 829 2779 sequuntur)
855 2709 1003 2777 atberhaupt
1027 2727 1061 2761 za
1086 2711 1159 2761 orrea
1184 2708 1279 2778 Acq'ec·

168 2815 229 2866 ticio
254 2815 304 2866 den
330 2813 449 2880 decerto,
474 2831 535 2866 aem
560 2812 634 2866 'rhea
658 2814 727 2866 nach
748 2812 800 2866 Art
825 2814 872 2866 der
897 2812 1073 2879 Griechea,
1093 2812 1144 2880 fair
1169 2812 1219 2864 dea
1240 2813 1279 2864 la·

169 2917 310 2970 teiniechea
329 2915 438 2970 Ablatr'c
458 2919 494 2969 im
514 2915 598 2970 Since
619 2917 664 2969 dee
685 2917 823 2969 deutschen
844 2917 892 2984 ‚aa
910 2914 1060 2983 Aneehuap,
1081 2916 1110 2966 ia
1129 2908 1280 2966 Hr'aeiclvt.“

171 3046 207 3056 -
222 3020 370 3073 Beccadere
389 3021 493 3073 andraea
512 3021 567 3072 κοίν’
583 3021 632 3072 dea
648 3019 785 3073 Gebraaeh
806 3020 850 3072 dee
872 3018 995 3071 Genetes
1014 3022 1080 3072 stott
1099 3019 1145 3071 dea
1160 3015 1281 3069 Ablatiee
1375 3051 1378 3062 .

170 3123 198 3174 ia
217 3121 359 3189 ilaepraeh
379 3122 487 3174 aetmea
500 3122 552 3190 fiir
572 3123 622 3174 dea
643 3121 685 3174 bei
708 3121 832 3190 apdterea
851 3120 1012 3173 Prosechera
1037 3121 1158 3189 lvdefipea
1178 3119 1280 3172 Zaeatz

170 3219 282 3277 animi
303 3243 337 3276 aa
358 3227 429 3278 allec
449 3217 624 3292 Adjecrivie“.
639 3226 682 3260 ’-
704 3217 751 3275 De
776 3208 947 3275 imitatione
975 3224 1072 3275 tamen
1095 3215 1279 3274 Graecorum

169 3323 226 3380 hae
246 3323 277 3379 in
299 3340 330 3380 re
352 3321 430 3379 nihil
451 3321 563 3379 certius
585 3321 683 3378 conici
703 3325 818 3396 potest,
848 3336 1027 3394 quamquam
1052 3318 1134 3394 apud
1157 3335 1209 3377 eos
1230 3317 1280 3374 hic

170 3424 328 3500 genetivus
350 3423 546 3482 limitationis
567 3422 663 3481 multo
684 3423 778 3480 latius
804 3427 892 3496 patet
919 3432 1007 3500 qqam
1028 3421 1120 3494 vulgo
1143 3425 1278 3494 putatur.

173 3529 335 3586 Invenitur
361 3527 442 3602 apud
466 3525 672 3600 Thucydidem
694 3527 721 3598 5,
751 3529 820 3584 108:
852 3528 913 3590 ‚aire
931 3524 957 3576 δὲ
974 3523 1074 3594 γνώμης
1092 3551 1126 3560 -
1143 3523 1280 3592 πιστότεροι

171 3633 261 3702 ἑτέρων
279 3633 376 3699 ἐσμέν“,
398 3629 450 3687 ubi
473 3627 649 3687 Goellerus:
670 3629 849 3703 „genetivus
869 3633 914 3696 τῆς
930 3630 1031 3700 γνώμης
1051 3626 1164 3702 pendet
1184 3643 1202 3682 a
1227 3642 1280 3679 πισ-

169 3735 292 3810 τότεροθ,
313 3732 425 3807 Poppo
457 3737 571 3790 autem:
603 3731 744 3805 „facilius
774 3731 866 3788 alicui
896 3732 927 3788 in
953 3737 1082 3789 mentem
1108 3729 1212 3787 veniat
1235 3735 1280 3797 τῆς

170 3837 270 3908 γνώμης
289 3836 326 3893 ad
344 3853 407 3890 πιστ.
426 3836 548 3908 referre,
575 3834 764 3909 comparanti
791 3833 906 3891 Latine
933 3838 1053 3907 „certus
1079 3831 1221 3889 animi“.
1244 3865 1281 3874 —

173 3937 303 4021 Sedpne
332 3939 381 3996 hic
413 3938 533 4012 quidem
564 3937 697 4011 genetivi
728 3954 809 4009 usus,
841 3953 930 4008 quem
960 3933 1147 4010 grammatici
1174 3933 1281 3990 iratiui

174 4057 264 4115 saepe
291 4038 438 4099 Graecum
466 4039 634 4113 appellant,
661 4057 730 4096 vere
758 4036 892 4096 Graecus
920 4039 994 4096 est“.
1016 4068 1051 4080 -
1075 4032 1183 4109 Neque
1209 4052 1281 4092 vero

173 4143 274 4218 video,
297 4141 449 4216 quomode
472 4141 562 4199 aliter
583 4140 732 4214 explicari
752 4141 855 4214 possit
875 4146 928 4197 aut
948 4157 1001 4197 eur
1022 4157 1083 4196 nen
1105 4155 1174 4196 vere
1190 4137 1282 4196 Grae·
