2894 4704
581 391 771 452 ..9-

128 572 258 648 pluralis
285 574 403 648 „qnae“
427 573 554 632 liberius
580 573 774 632 coniunctum
802 577 848 631 est
874 591 940 632 cum
965 573 1124 650 singulari,
1153 576 1234 650 quod

126 675 296 751 comparari
317 681 423 752 potest
442 695 508 735 cum
528 677 654 736 uocibus
675 679 738 732 ἔστιν
756 677 779 742 ἅ,
798 678 860 731 ἔστιν
879 677 908 731 ol.

202 776 335 838 Omnino
362 779 394 837 in
421 799 476 838 usu
498 781 586 839 huius
607 779 798 856 pronominis
822 787 1009 855 quantopere
1031 782 1119 839 ambo
1141 780 1234 856 scrip·

126 886 208 939 tores
228 882 433 957 consentiant,
455 883 513 943 iam
534 883 653 943 monuit
666 883 777 959 Pappa
800 882 839 956 (Ι,
863 888 888 958 l,
909 901 939 959 p.
958 883 1037 960 374),
1059 884 1111 957 qui
1132 884 1236 942 obscr-

124 982 218 1056 ravit,
257 1000 357 1042 amare
397 1002 448 1044 eos
489 1003 575 1044 usum
608 986 832 1061 pronominum,
871 985 1099 1059 adiecti'rorum,
1139 986 1235 1061 parti·

125 1083 275 1160 cipiornm
297 1088 469 1146 neutrius
496 1090 617 1163 generis
644 1098 715 1164 post
741 1087 932 1145 substantiva
954 1088 1124 1158 masculina
1144 1091 1175 1146 et
1195 1088 1235 1147 fe·

126 1188 248 1263 minino,
270 1189 322 1247 nbi
342 1190 386 1248 rei
408 1189 583 1249 indefinitae
605 1191 653 1249 vel
674 1189 794 1266 generis
817 1190 915 1248 solum
933 1191 1019 1248 notio
1035 1196 1234 1266 spectaretur.

127 1289 222 1351 Cuius
248 1291 292 1349 rei
317 1293 469 1368 permulta
495 1312 533 1352 ex
558 1299 688 1368 utroque
711 1293 861 1369 scriptore
883 1292 1021 1367 exempla
1042 1292 1142 1350 afferri
1162 1310 1232 1367 pos·

126 1396 198 1451 sunt
218 1411 313 1468 neque
337 1412 413 1469 quae
434 1396 465 1453 in
487 1395 533 1453 his
555 1395 718 1454 structuris
739 1394 820 1453 inest
835 1394 1001 1454 similitudo
1017 1395 1146 1454 fortuito
1163 1401 1235 1454 nata

124 1514 189 1555 esse
210 1476 338 1556 videtur.
379 1498 424 1557 Ut
449 1498 598 1557 nonnulla
623 1498 717 1573 paulo
744 1497 914 1572 insigniora
939 1498 1077 1573 exempla
1104 1497 1235 1571 aderam,

124 1598 236 1674 legitur
258 1599 325 1660 Cat.
347 1603 374 1674 3,
395 1604 426 1659 4:
453 1599 589 1674 audacia,
618 1601 754 1675 largitio,
782 1599 912 1659 avaritia
936 1600 1091 1674 vigebant.
1134 1600 1234 1673 Quae

127 1702 248 1760 tametsi
269 1703 386 1761 animus
401 1703 623 1778 aspernabatur
643 1706 671 1777 5,
693 1708 724 1763 7:
747 1702 851 1777 inopia
873 1702 916 1762 rei
938 1701 1097 1760 familiaris
1119 1712 1149 1761 et
1163 1721 1234 1762 eon-

127 1803 255 1863 scientia
275 1805 430 1881 scelerum,
452 1824 542 1880 quae
564 1813 722 1880 utraque
740 1806 858 1864 artibus
872 1811 1000 1864 auxerat
1015 1809 1060 1872 10,
1081 1809 1112 1863 3:
1133 1806 1233 1880 primo

123 1906 280 1982 pecuniae,
310 1907 420 1966 deinde
442 1908 561 1985 imperii
583 1910 695 1984 callido
716 1909 839 1987 erevit,
860 1927 901 1967 ea
927 1908 1019 1968 luere.
1059 1911 1105 1984 31,
1138 1913 1168 1966 1:
1197 1926 1234 1966 ex

125 2027 239 2067 summa
260 2011 377 2070 laetitia
398 2017 489 2087 atque
512 2011 645 2086 lascivia,
673 2030 766 2087 quae
794 2012 939 2072 diuturna
966 2011 1050 2084 quies
1074 2016 1235 2087 pepererat

128 2111 164 2170 cf.
186 2112 253 2188 lug.
274 2117 322 2185 41,
342 2117 367 2172 3.
390 2117 436 2189 85,
458 2117 504 2171 30.

202 2215 291 2274 Talia
311 2218 394 2292 apud
410 2215 543 2276 Graecos
558 2217 671 2294 passim
692 2217 900 2290 inveniuntur,
922 2215 974 2273 sed
988 2215 1070 2290 apud
1079 2214 1232 2272 ,neminem

125 2317 313 2392 frequentius
345 2337 433 2393 quam
468 2321 551 2396 apud
576 2319 782 2397 Thucydidem
813 2319 849 2376 cs.
878 2322 904 2392 3,
936 2321 985 2377 97:
1022 2316 1114 2378 διώξεις
1141 2339 1167 2372 τε
1193 2321 1235 2373 καὶ

123 2421 258 2493 ὒπαγωγαὶ,
281 2422 358 2482 isos<
380 2424 555 2496 ἀμφοτέροις
578 2424 602 2489 6,
625 2424 659 2477 69
681 2424 773 2492 τροπὰς
791 2451 824 2460 -
842 2423 881 2475 oia
902 2424 926 2486 5,
945 2423 979 2474 27
1003 2421 1104 2476 σπονδαὶ
1124 2423 1234 2493 ἐγένοντο

123 2525 165 2576 καὶ
191 2523 291 2597 ὕστερον
319 2527 343 2578 αἱ
372 2527 507 2598 συμμαχίαι
534 2528 575 2578 καὶ
604 2527 628 2579 αἱ
646 2554 679 2564 -
696 2529 838 2598 πρεσβεῖαι
867 2527 937 2598 αἲπερ
960 2525 1098 2596 ἐκλήθησαν
1121 2526 1145 2583 ἐς
1169 2525 1236 2579 αὐτὰ

127 2629 569 2702 dffldffidwtffi

208 2728 278 2787 Huc
301 2748 420 2805 quoque
442 2749 477 2789 ea
497 2729 663 2806 pertinent,
685 2748 760 2804 quae
782 2730 926 2804 leguntur
941 2731 1008 2805 lug.
1030 2735 1077 2803 41,
1100 2735 1129 2787 l:
1150 2730 1234 2803 „otio

128 2837 219 2906 atque
241 2833 430 2891 abundantia
444 2850 545 2891 earum
566 2850 674 2906 rerum,
697 2850 782 2905 quae
803 2831 912 2908 prima
930 2833 1074 2890 mortales
1095 2831 1235 2889 discunt‘

127 2934 236 3008 quibus
258 2935 290 2993 in
314 2934 516 3011 expliclandis
544 2935 726 3010 interpretes
754 2935 949 2995 dissentiunt.
989 2934 1129 2992 Kritzius
1155 2933 1235 2992 enim

126 3042 228 3095 censet
247 3055 344 3112 „quae
365 3038 483 3114 prima“
504 3038 548 3096 ita
570 3038 684 3096 dictum
704 3056 779 3112 esse,
799 3045 833 3096 ut
847 3038 1008 3096 relativum
1024 3036 1233 3097 tantummodo

126 3140 164 3197 ad
179 3158 298 3199 sensum
311 3141 558 3216 praecedentium
573 3142 742 3215 verborum,
765 3159 825 3199 non
840 3139 878 3198 ad
895 3141 1235 3215 genusgrammatiaum

126 3243 280 3319 respiciat.
323 3243 407 3316 Quae
433 3242 556 3300 licentia
583 3250 691 3301 natura
716 3244 903 3319 generalium
930 3243 1088 3302 notionum
1116 3244 1234 3304 nititur.

125 3344 230 3404 Aliter
249 3344 509 3418 Badstuebnerus,
532 3344 582 3418 qui
605 3346 740 3420 „prima“
761 3364 819 3421 pro
842 3347 1035 3406 substantivo
1055 3347 1170 3405 habens
1193 3345 1236 3405 ita

127 3448 276 3523 explicat:
303 3465 399 3523 „quae
422 3447 609 3506 constructio
636 3449 675 3507 ad
702 3467 766 3507 eam
792 3448 913 3507 dicendi
935 3450 1084 3508 rationem
1106 3453 1234 3524 spectat,

128 3567 195 3625 qua,
218 3550 339 3625 quando
360 3551 540 3608 vocabulum
561 3551 687 3625 aliquod
709 3551 930 3610 enuntiationis
951 3552 1161 3627 praecedentis
1186 3551 1234 3609 vel

126 3659 193 3712 tota
212 3653 396 3729 praecedens
417 3653 589 3713 enuntiatio
612 3655 679 3730 ipsa
699 3655 891 3713 substantivo
909 3653 1039 3729 quodam
1060 3671 1126 3712 cum
1139 3654 1233 3712 uerbo

107 3774 191 3822 ,esse
211 3757 260 3815 rel
281 3757 391 3829 dicere,
412 3774 520 3816 vocare
542 3763 598 3816 etc.
619 3758 790 3815 accuratius
812 3757 983 3831 definiatur,
1004 3775 1172 3832 pronomen
1194 3757 1234 3814 ad

127 3876 255 3933 sequens
282 3859 504 3918 substantivum
530 3860 637 3919 referri
663 3860 769 3933 soleat,
797 3861 842 3918 ita
868 3863 902 3919 ut
928 3860 966 3918 ab
991 3877 1026 3917 eo
1049 3877 1103 3917 nec
1123 3877 1233 3934 genere

128 3979 183 4020 nec
203 3979 326 4020 numero
342 3962 512 4038 discrepet“
538 3964 588 4041 (cf.
605 3964 724 4038 Zumpt.
746 3963 772 4039 ξ.
793 3962 871 4036 372).

207 4063 338 4139 Quoquo
369 4064 459 4123 modo
492 4083 539 4123 res
572 4083 602 4124 se
632 4066 733 4142 habet,
765 4065 854 4125 facile
885 4082 989 4123 omnes
1016 4064 1232 4123 Reddimaano

129 4167 179 4243 (cf.
200 4167 233 4227 II
253 4186 283 4243 p.
305 4165 355 4242 20)
377 4168 554 4244 concedent,
573 4169 651 4229 hanc
672 4173 853 4227 structuram
873 4185 942 4228 vere
961 4152 1137 4228 Graecam
1157 4184 1234 4243 esse,
