2894 4704
583 334 797 395 „29-

211 519 302 592 Quod
335 536 428 594 porro
462 517 575 594 Poppo
616 517 786 591 contendit,
826 518 870 594 (p.
901 521 972 594 377)
1013 538 1124 579 morem
1159 523 1242 580 vocis

131 621 289 701 ‚,scilicet“v
320 639 386 680 cum
416 621 569 680 infinitivo
601 620 834 696 coniungendae
860 621 938 698 (Ing.
972 626 1036 697 102,
1063 625 1089 681 9.
1123 628 1187 699 113,
1215 629 1242 683 3.

131 723 203 784 hist.
226 728 251 797 1,
274 727 320 797 19,
342 723 372 798 5)
395 721 574 782 Sallustium
595 721 744 781 eGlraeca
757 724 864 798 lingua
885 725 1035 801 recepisse
1051 727 1241 802 (comparato

132 826 200 884 loco
234 825 403 900 Euripideo
440 825 540 884 Oresa.
581 829 649 885 727:
679 827 780 885 εἰκότως
798 833 877 896 κακῆς
894 814 1006 900 pataria
1024 831 1100 905 ἄνδρα
1118 831 1240 903 γίγνεσθαι

131 928 227 996 κακόν),
251 929 359 986 mirum
379 928 511 988 videtur.
543 915 640 987 ‘Nam
668 948 706 988 ex
728 930 847 1004 (lartio,
880 948 966 1005 quern
995 932 1109 1006 laudat,
1139 935 1241 993 videre

131 1032 245 1108 potuit,
271 1031 347 1090 talia
373 1031 431 1089 iam
456 1032 538 1106 apud
559 1031 703 1091 Plautum
730 1038 761 1092 61
782 1034 953 1093 Varronem
976 1035 1117 1112 inveniri,
1144 1055 1240 1112 neque

133 1156 170 1195 ex
197 1135 373 1210 Thucydide
404 1141 458 1193 aut
487 1135 549 1193 alio
578 1134 696 1194 Graeco
728 1137 878 1212 scriptore
909 1137 1060 1212 pedestris
1092 1141 1240 1197 sermonis

133 1239 299 1298 Sallustius
320 1237 399 1295 hano
419 1242 601 1296 structuram
621 1239 758 1314 arripere
779 1240 892 1314 potuit.

210 1341 282 1400 Non
298 1340 422 1398 silentio
438 1342 741 1415 praetermittendum
755 1347 831 1416 puto
846 1343 940 1402 alium
953 1363 1065 1403 morem
1082 1343 1244 1404 Sallustia-

134 1464 214 1520 num,
241 1442 410 1518 usurpandi
437 1445 611 1518 genetivum
637 1445 796 1521 participii
822 1446 918 1505 futuri
940 1447 1056 1522 passivi
1082 1465 1148 1506 cum
1175 1440 1245 1504 sub-

137 1548 273 1606 stantivo
292 1546 461 1626 coniuncti.
495 1548 592 1620 Quam
613 1549 762 1607 rationem
776 1549 897 1608 dicendi
912 1568 975 1608 non
996 1551 1034 1607 ad
1049 1550 1246 1626 Thucydiden

133 1651 273 1726 exempla
287 1655 349 1724 ,τοῦ
368 1649 482 1724 φεὺγειν“
501 1656 565 1725 eta,
587 1651 807 1725 quodquidam
822 1652 1006 1727 iudicarunt,
1026 1653 1245 1711 conformatam

136 1772 213 1829 csse,
234 1760 405 1817 accuratius
426 1758 634 1816 demonstrare
662 1755 780 1813 studuit
800 1755 930 1830 Dolego,
958 1756 1010 1828 qui
1030 1756 1110 1814 hunc
1130 1756 1245 1830 geneti-

134 1875 205 1915 vum
218 1874 287 1917 non
303 1860 342 1918 ad
356 1859 577 1935 designandum
589 1858 677 1915 finem
691 1859 826 1932 positum
842 1876 907 1916 csse
923 1859 976 1917 sed
989 1858 1102 1932 ubique
1117 1859 1246 1932 qualita-

136 1960 177 2017 tis
199 1979 264 2020 esse
286 1964 455 2022 contendit.
484 1961 534 2020 Aa
555 1966 636 2019 recte
658 1960 779 2034 quidem
800 1960 950 2018 iudicasse
972 1961 1044 2018 mihi
1066 1961 1189 2019 videtur
1208 1961 1245 2019 de

135 2062 173 2120 iis
188 2063 274 2138 locis,
295 2067 348 2124 nbi
370 2065 529 2142 genetivus
544 2083 562 2121 a
579 2065 673 2122 verbo
689 2063 766 2122 Esse
780 2064 828 2122 vel
843 2080 988 2139 expresso
1003 2064 1052 2121 vel
1072 2064 1245 2139 supplendo

136 2167 254 2241 pendit,
284 2173 319 2227 ut
349 2167 416 2226 (lut.
448 2173 475 2242 6,
507 2173 540 2239 7;
572 2168 707 2242 „regium
739 2166 906 2241 imperium,
939 2165 1021 2239 qnod
1052 2166 1142 2223 initio
1174 2183 1245 2223 con·

136 2268 302 2327 servandae
337 2270 491 2329 libertatis
525 2277 616 2344 atque
650 2269 807 2345 augendae
837 2267 882 2325 rei
913 2286 943 2343 p.
975 2267 1103 2326 luerat.“
1136 2272 1184 2342 46,
1217 2271 1245 2326 2.

136 2370 203 2446 Ing.
225 2376 272 2446 88,
302 2379 330 2433 4.
380 2373 521 2447 Reliquis
548 2372 623 2432 locis
650 2376 759 2446 antem,
790 2371 843 2429 ubi
870 2387 967 2444 neque
993 2390 1012 2429 a
1032 2371 1126 2429 verbo
1148 2388 1264 2444 neque·

135 2474 328 2534 substantivo
362 2475 471 2552 pendit
510 2474 686 2550 genetivus,
728 2475 820 2548 longe
861 2474 953 2532 aliam
995 2475 1145 2532 rationem
1179 2491 1246 2532 esse

134 2578 327 2653 perspicuum
359 2589 405 2664 est
432 2596 559 2652 cumque
591 2582 661 2635 ante
683 2575 865 2635 Sallustium
895 2577 939 2634 ita
969 2584 1149 2652 usurpatum
1178 2595 1244 2635 eum

136 2697 201 2738 csse
235 2699 296 2739 non
328 2682 527 2756 inveniamus,
557 2681 595 2739 ab
622 2679 677 2737 illo
708 2678 787 2735 hanc
814 2683 995 2736 structuram
1024 2680 1056 2736 in
1078 2697 1245 2738 sermonem
1291 2682 1293 2686 ’

138 2781 283 2842 Latinum
305 2785 511 2843 introductam
536 2799 601 2840 esse
621 2800 678 2857 pro
701 2787 784 2839 certo
806 2781 1018 2840 affirmaverim
1039 2781 1076 2842 61.
1097 2781 1244 2857 Draeger.

136 2883 205 2960 (IV,
226 2904 257 2961 p.
270 2886 354 2962 801):
384 2893 446 2962 „tet
469 2891 567 2945 Tereos
592 2889 676 2943 loten
695 2893 745 2943 coir
771 2891 847 2943 cinea
862 2892 968 2959 toalea
989 2890 1098 2944 Genetio
1122 2891 1246 2944 alacer-e-

134 2995 273 3062 9z‘ereodea
286 2994 451 3050 Substantia.
481 2989 543 3047 Ad.
564 2989 620 3048 269
642 3005 679 3046 ne
700 2987 731 3044 id
752 2987 934 3046 adsentandi
955 2987 1052 3062 magis
1074 3005 1162 3062 quam
1184 3004 1244 3061 qno

137 3089 262 3150 habeam
287 3100 407 3167 gratum
434 3094 532 3151 facere
559 3091 732 3151 existumas.
781 3094 828 3150 Ich
851 3095 948 3166 916616
971 3098 1021 3149 mit
1044 3095 1152 3166 Zumpt,
1183 3097 1246 3150 daca

136 3201 192 3253 dieo
205 3199 299 3254 Loteia
320 3202 377 3254 dem
395 3202 575 3271 prieclriaclvea
595 3201 720 3270 Oripinal
739 3207 818 3269 „trec
838 3194 1038 3269 aachpebildet“
1058 3201 1102 3267 iat,
1122 3199 1247 3253 wesalralb

134 3302 175 3354 ich
196 3304 264 3357 uach
284 3305 313 3356 io
334 3305 384 3357 dea
404 3321 459 3357 aaa
473 3306 618 3374 folpendeo
638 3302 739 3357 Stellco
760 3305 835 3356 elaea
857 3303 1056 3356 Grdcirmua
1075 3301 1201 3363 culcanna

241 3399 269 3474 l)
292 3399 365 3459 Sall.
388 3401 464 3477 frag.
488 3406 513 3476 l,
537 3405 585 3474 49,
610 3403 628 3459 8
650 3398 779 3474 (Kritz.)
807 3404 861 3473 „nt
880 3430 918 3441 -
939 3399 1042 3456 omnia
1067 3398 1245 3457 retinendae

291 3502 511 3561 dominationis
531 3503 662 3562 honesta
683 3501 866 3573 aestumet“;
917 3557 921 3569 ,
1274 3492 1276 3494 ’

241 3604 271 3680 2)
295 3610 320 3681 l,
342 3607 388 3677 56,
408 3609 426 3664 3
447 3606 631 3680 „exercitum
652 3604 870 3682 opprimendae
891 3602 1044 3662 libertatis
1064 3602 1191 3676 habet“;

240 3708 269 3784 3)
292 3707 332 3767 ib.
364 3709 391 3785 §.
417 3713 434 3768 6
465 3727 551 3783 „oum
574 3709 696 3784 privata
725 3725 808 3766 arma
838 3705 1059 3782 opprimundae
1090 3705 1242 3764 libertatis

292 3812 457 3888 cepisset“;

240 3914 271 3990 4)
294 3916 335 3973 ib.
357 3915 382 3992 §.
406 3920 442 3975 10
462 3914 521 3990 „ad
537 3932 620 3972 arma
633 3914 747 3986 civilia,
768 3930 844 3986 qnae
866 3914 919 3972 ille
939 3945 978 3954 -
998 3910 1080 3987 cepit
1099 3927 1162 3969 non
1182 3926 1240 3984 pro

292 4036 346 4075 sna
367 4023 420 4075 aut
435 4034 562 4091 quorum
578 4016 700 4075 simulat
718 4016 833 4074 iniuria
846 4016 899 4075 sed
919 4017 1020 4091 legum
1033 4031 1068 4073 ac
1088 4009 1241 4071 libertatis

292 4119 546 4178 subvertendae.“
