2894 4704
612 347 824 408 ..30...

238 535 290 590 Ber·
313 537 361 590 der
385 535 565 605 Betruelrtunp
597 537 682 590 dr'eacr
697 535 911 606 phraseoloqisclr
942 553 970 588 ao
1001 535 1140 590 ribnlielrcu
1165 534 1278 603 Stellas,

162 641 322 694 narncutb'clr
343 641 391 693 der
410 642 545 708 letzteren,
571 639 672 693 selreint
696 641 748 692 mir
770 640 812 692 die
832 637 972 696 Annulune
995 642 1066 693 cinea
1087 639 1210 693 Genetiva
1231 639 1280 691 der

163 741 337 812 Er'qenecbuft
361 743 399 811 est
425 761 459 796 aa
483 759 656 812 peruranpem
681 743 745 796 neele
770 743 843 795 melre·
870 745 929 796 tritt
954 744 997 796 dic
1015 744 1102 810 finale
1122 742 1280 810 Bcdeatuaq

165 848 210 898 dea
231 844 316 901 Curua
335 848 387 900 seit
411 844 519 900 Tacitae
538 838 660 898 lrereor.“

242 943 333 1001 Hanc
363 947 547 1002 structuram
584 942 622 1000 iis
653 940 909 999 adnumerandam
939 960 1003 1001 esse
1040 960 1164 1016 censeo,
1200 959 1278 1016 quae

164 1046 349 1104 luculentius
371 1045 595 1120 Thucydideam
625 1045 774 1120 originem
795 1044 1016 1106 demonstrant.
1063 1045 1170 1120 Neque
1196 1043 1279 1102 enim

168 1166 203 1206 ex
225 1148 289 1206 ullo
313 1148 375 1205 alio
398 1148 548 1223 scriptore
570 1146 757 1206 Graecorum
777 1146 897 1204 facilius
919 1167 983 1206 eam
1003 1155 1108 1224 petere
1130 1166 1218 1222 quam
1240 1165 1278 1205 ex

165 1269 201 1309 eo
223 1258 355 1326 poterat,
377 1251 429 1324 qni
451 1255 481 1309 et
497 1251 611 1326 primus
632 1251 691 1309 boc
710 1268 820 1325 genere
834 1250 955 1308 dicendi
976 1269 1049 1308 usus
1069 1268 1135 1308 esse
1156 1250 1281 1308 videtur

169 1357 200 1412 et
214 1355 309 1412 multo
325 1352 514 1427 frequentius
530 1355 573 1428 (l,
593 1358 619 1411 4.
653 1358 678 1427 1,
693 1355 740 1427 23,
760 1355 787 1412 5.
820 1356 847 1428 2,
868 1356 939 1427 4,2.
969 1356 1058 1427 2,22,
1082 1358 1107 1411 l.
1138 1354 1165 1423 2,
1187 1354 1278 1426 75,l.

164 1460 307 1531 8,14,1.
347 1459 374 1530 8,
396 1459 442 1531 39,
464 1461 483 1515 4
509 1460 540 1515 et
559 1456 647 1531 alibi)
677 1473 766 1529 quam
792 1455 856 1530 alii,
888 1456 1024 1529 quamvis
1050 1455 1279 1513 eoncedendum

165 1560 207 1617 sit
239 1559 411 1634 genetivum
446 1559 610 1634 gerundivi
643 1559 826 1617 Latinorum
867 1578 928 1618 non
961 1558 1053 1634 plane
1088 1558 1277 1634 respondere

167 1668 337 1720 structurae
359 1661 556 1720 brevissimae
578 1662 626 1720 illi
647 1665 678 1720 et
698 1661 832 1736 eleganti
855 1661 1040 1721 Graecorum

244 1765 309 1823 Iam
329 1762 441 1838 Poppo
462 1764 624 1823 adnotavit
646 1764 683 1839 (I,
706 1768 731 1838 1,
752 1782 783 1838 p.
799 1766 868 1840 184)
885 1763 1065 1822 Sallustium
1086 1781 1185 1822 amare
1206 1781 1276 1839 per·

167 1868 247 1927 fecta
273 1869 463 1943 quorundam
489 1868 708 1943 deponentium
735 1866 860 1925 induere
891 1867 1015 1941 passiva
1042 1864 1278 1940 significatione.

51 1984 53 1990 ’
168 1971 258 2044 Quod
273 1972 400 2030 maxime
415 1973 450 2030 fit
463 1970 493 2028 in
508 1968 739 2046 participiis
754 1968 881 2044 perfecti
898 1968 934 2026 ef.
948 1967 1016 2026 dat.
1028 1973 1055 2043 7,
1071 1971 1088 2027 3
1103 1968 1280 2044 („adepta

166 2074 341 2149 libertate“)
362 2074 429 2149 Ing.
453 2078 517 2148 101,
538 2078 565 2134 9.
609 2078 655 2146 17,
681 2076 707 2132 7.
754 2075 800 2146 31,
826 2074 853 2131 8.
895 2070 1053 2129 Per'multa
1082 2070 1173 2129 huius
1204 2088 1280 2128 usus

165 2176 303 2252 exempla
324 2194 385 2234 non
411 2177 561 2235 modoad
588 2177 755 2253 perfectum
782 2175 834 2234 sed
856 2175 895 2233 ad
924 2173 1026 2232 omnia
1052 2179 1190 2249 tempora
1208 2191 1279 2250 per·

164 2278 295 2336 tinentia
316 2279 472 2354 congessit
491 2279 742 2337 Badstuebnerus
771 2297 801 2354 p.
816 2282 863 2336 46.
912 2276 997 2349 Quae
1018 2294 1084 2334 curn
1104 2274 1215 2352 Poppo
1238 2276 1278 2334 ad

165 2380 367 2439 imitationem
389 2380 575 2457 Thucydidis
602 2381 705 2454 refert,
730 2380 820 2439 valde
847 2397 948 2439 errare
969 2379 1042 2438 mihi
1065 2379 1114 2436 vir
1134 2379 1278 2438 doctissi-

167 2502 232 2542 mus
253 2482 383 2540 videtur.
425 2483 556 2542 Tantum
578 2484 657 2541 enim
678 2483 779 2542 omnio
806 2483 867 2541 dici
887 2486 1001 2559 potest,
1028 2482 1175 2540 ambobus
1195 2481 1278 2567 bunc

171 2604 284 2645 morem
314 2603 499 2644 communem
529 2603 605 2660 esse,
636 2604 702 2644 eum
732 2605 768 2645 ea
798 2591 898 2645 aetate
928 2585 1072 2677 vixerint,
1102 2584 1154 2642 ubi
1180 2584 1277 2643 multa

166 2688 363 2765 Deponeutia
378 2689 512 2747 nondum
534 2689 609 2748 satie
630 2707 648 2746 a
661 2688 799 2747 Passivis
814 2688 961 2747 distincta
975 2692 1071 2746 erant.
1111 2686 1278 2746 Praeterea

168 2791 332 2850 tenendum
352 2797 407 2865 est,
435 2791 641 2870 Thucydidem
666 2811 764 2868 pauca
791 2795 909 2851 tantum
934 2791 1072 2866 exempla
1091 2790 1181 2849 huius
1202 2808 1276 2849 usus

167 2894 320 2953 exhibere.
350 2893 397 2952 De
413 2893 602 2954 sallustiano
625 2900 725 2954 autem
740 2914 795 2954 usu
812 2901 893 2954 reete
908 2893 1084 2954 observavit
1097 2893 1275 2954 Dietschius

167 2996 206 3054 ad
228 2995 298 3056 Cat.
319 3000 345 3071 7,
368 3000 395 3073 3,
415 2998 463 3056 his
485 2997 634 3057 obsoletis
655 2998 760 3057 formis
782 3016 853 3058 usos
875 3016 940 3057 esse
962 2998 1128 3074 scriptores
1144 2997 1276 3057 Latinos

168 3098 199 3156 in
221 3099 264 3158 eis
286 3103 404 3160 tantum
418 3101 637 3173 locutionibus,
660 3117 735 3173 quae
756 3101 849 3176 vulgo
872 3103 999 3160 multum
1020 3107 1183 3177 usurpatae
1204 3118 1276 3159 con·

166 3203 325 3262 suetudine
348 3221 385 3261 ex
405 3203 589 3277 antiquitate
611 3203 743 3262 traditae
764 3209 874 3264 essent.

243 3304 402 3364 Hactenus
417 3306 655 3382 exploravimus,
677 3307 830 3380 quomodo
847 3305 976 3381 Crispus
992 3305 1022 3363 in
1039 3303 1169 3380 singulis
1183 3306 1275 3365 rebus

165 3407 370 3482 grammaticis
391 3408 429 3467 ad
445 3406 594 3468 Graecum
613 3416 768 3469 auctorem
789 3429 821 3470 se
842 3388 1053 3485 applicaverit.
1088 3409 1153 3467 Iam
1173 3409 1275 3467 videa·

165 3529 230 3570 mus
257 3527 317 3585 quo
346 3511 409 3571 iure
442 3514 539 3572 omnis
571 3513 691 3573 indoles
714 3513 919 3573 Sallustianae
948 3511 1107 3586 orationiS,
1138 3511 1169 3570 id
1192 3511 1274 3585 quod

164 3617 276 3692 Poppo
292 3614 417 3687 iudicat,
437 3615 540 3673 eadem
557 3633 626 3674 esse
648 3616 848 3690 existimetur,
870 3633 945 3689 quac
961 3614 1042 3690 apud
1057 3613 1275 3691 Thucydidem.

166 3719 235 3792 Qua
260 3717 380 3792 quidem
407 3717 439 3774 in
469 3735 629 3776 revereor
654 3736 691 3777 ne
713 3719 760 3776 vir
783 3718 990 3793 doctissimus,
1016 3723 1050 3776 ut
1070 3718 1172 3776 omnio
1194 3717 1276 3792 feeit,

165 3820 274 3894 multa,
306 3836 382 3893 quae
408 3820 514 3895 potius
541 3819 687 3888 Sallustii,
714 3822 842 3898 propria
873 3821 1030 3896 videntur,
1060 3819 1100 3878 ad
1126 3818 1275 3878 Graecum

167 3922 330 3982 rettulerit
364 3921 519 3982 Probatur
540 3929 639 3983 autem
661 3925 734 3984 mihi
748 3924 893 3982 iudicium
914 3925 988 4000 eius,
1011 3925 1160 3998 quatenus
1181 3923 1275 3998 perti·

167 4023 277 4084 netad
298 4023 468 4085 orationem
488 4026 647 4087 variatam.
686 4026 739 4085 Ab
760 4026 817 4086 hac
837 4027 1028 4104 incipiamus.

244 4126 421 4188 Orationem
435 4133 534 4188 autem
549 4130 695 4188 variatam
714 4130 843 4189 dicimus
865 4131 897 4188 in
918 4131 955 4189 iis
976 4129 1144 4190 enuntiatis
1166 4130 1276 4206 inesse,
