2894 4704
610 345 936 431 -aa-'

163 558 325 636 perspicua
359 555 529 614 imitatione
558 559 629 611 nata
660 569 726 609 csse
752 552 877 627 Poppo,
907 552 1036 627 Dolega,
1067 553 1275 610 Mollmannus

164 661 411 735 comprobarunt.
445 657 609 715 Praeterea
630 651 901 714 6111111161ἰο11111111
923 655 974 728 „in
990 655 1107 713 incerto
1121 654 1274 713 habuere“

164 762 215 836 „in
238 761 355 819 incerto
372 760 461 819 61111α
482 776 638 834 compares
660 757 795 832 Thucyd.
819 762 844 831 1,
865 759 917 815 25;
939 759 1061 828 ἐνάπόρῳ
1073 759 1170 832 εἴχοντο
1183 759 1208 823 3,
1226 758 1275 812 22:

165 867 189 919 ἐν
209 864 293 936 ἀπόρῳ
312 865 382 932 ἦσαν,
402 861 568 919 dictiones:
590 879 648 937 „cx
670 862 800 934 occulta,
826 860 858 917 in
885 859 1025 919 occulto“
1046 876 1113 916 cum
1133 858 1275 916 vocibus:

164 970 192 1022 ἐκ
209 973 254 1021 τοῦ
274 969 383 1039 ἀφανοῦς
394 964 432 1033 (4,
451 962 494 1030 96)
508 965 581 1034 ἐντῷ
600 965 687 1036 ἀφανεῖ
709 963 742 1030 (7,
761 962 814 1030 rt),
840 981 897 1037 „ex
916 964 1010 1020 ver0“
1031 981 1097 1020 cum
1117 977 1206 1019 voce:
1227 962 1276 1016 ἀπὸ

164 1076 209 1125 τοῦ
227 1069 336 1140 ἀληθοῦς
355 1068 390 1135 (6,
408 1064 463 1135 341,
482 1070 534 1119 eto.

245 1171 386 1230 Getcrnm
417 1187 478 1227 non
510 1169 662 1241 contendo
691 1167 869 1227 Sallustium
899 1169 931 1226 in
963 1185 1142 1242 unaquaque
1173 1184 1276 1225 earum

166 1273 344 1344 dictionum,
360 1289 434 1346 quas
449 1271 617 1346 attulimus,
634 1271 900 1347 semperAtticnm
917 1269 1096 1346 scriptorem
1106 1270 1277 1346 respexisse

169 1376 361 1452 (praesertim
392 1392 458 1433 cum
490 1374 549 1431 iarn
585 1374 666 1449 apud
691 1373 836 1431 Plautum
872 1373 947 1431 talia
983 1374 1190 1432 inveniantur:
1225 1373 1278 1446 „in

167 1478 308 1536 occulto“
329 1475 398 1551 etc.)
421 1477 473 1535 sed
494 1493 610 1534 morem>
627 1476 713 1535 illum
734 1476 961 1552 Thucydideum
981 1479 1090 1534 neutra
1102 1493 1169 1533 cum
1189 1494 1277 1551 prae-

168 1580 375 1657 positionibus
396 1579 602 1654 coniungendi
627 1579 754 1638 multum
776 1578 906 1637 valuisse
934 1578 1016 1654 apud
1038 1577 1217 1637 Sallustium
1238 1579 1276 1636 ad

169 1683 283 1742 similes
314 1685 481 1741 structuras
511 1683 694 1742 formandas.
751 1681 798 1740 De
829 1687 896 1740 toto
927 1682 987 1740 hoc
1016 1699 1125 1756 genere
1155 1681 1277 1740 diccndi

169 1786 309 1846 conferas
333 1786 521 1861 Draegerum
547 1786 638 1844 velim
665 1786 707 1862 (p.
721 1786 786 1862 47):
827 1791 917 1861 „Daca
946 1794 975 1843 io
999 1793 1071 1844 allen
1097 1792 1185 1844 diesen
1209 1791 1278 1860 prd-

163 1897 343 1965 pocitionulco
367 1894 568 1963 Verbioduopeo
588 1896 636 1948 der
657 1894 774 1964 Einfluac
799 1896 844 1949 des
866 1893 1104 1947 Griecltr'ccbca
1123 1894 1281 1963 mityewr'rkt

168 1999 223 2067 lut,
248 2000 339 2068 zer'yen
358 1998 431 2051 nicht
456 1998 510 2052 bles
530 1996 689 2067 Asclepion,
715 2000 763 2050 wie
780 1991 805 2054 ἐξ
817 1993 879 2056 ἴσου,
903 1993 1047 2065 ἀγχιμόλου,
1065 1993 1093 2045 ἐκ
1105 1999 1150 2046 τοῦ
1163 1999 1279 2065 φανεροῦ,

170 2099 302 2169 ἐμφανοῦς,
322 2094 416 2157 εὐθέος,
435 2101 549 2154 condem
569 2101 710 2170 casprictt
722 2102 790 2155 cuch
805 2101 886 2171 dcfrir
907 2102 949 2154 die
967 2101 1087 2171 prdsaere
1100 2097 1280 2170 Auadebnuuq

169 2205 215 2258 dec
235 2203 401 2258 (retroacta
420 2206 469 2258 seit
489 2205 536 2258 der
556 2204 715 2258 klcssiacbeu
735 2200 825 2260 Zeu.“

240 2300 309 2360 vSed
332 2301 447 2359 neutris
462 2300 682 2361 adiectivorum
703 2307 734 2360 et
746 2288 979 2376 participiorum
1000 2301 1098 2359 utitur
1112 2299 1280 2361 Sallustius

172 2404 263 2462 ctiam
283 2402 321 2461 ad
347 2402 502 2460 abstracta
522 2403 732 2477 significanda,
759 2403 803 2460 ita
824 2409 858 2461 ut
878 2409 908 2461 et
927 2420 983 2478 per
1009 2420 1111 2461 omnes
1138 2421 1224 2461 casus
1246 2422 1282 2462 ea

171 2505 274 2563 flectat
313 2507 344 2562 et
377 2521 445 2563 cum
483 2504 553 2562 aliis
593 2505 685 2563 etiam
720 2504 880 2563 adiectiris
909 2505 1081 2580 coniungat
1120 2505 1166 2581 (ut
1198 2506 1281 2581 apud
1340 2557 1346 2569 .

173 2606 380 2682 Thucydidem
399 2609 429 2661 τὸ
447 2607 562 2681 εὐπρεπὲς
584 2606 707 2663 ἄσπονδον
725 2608 759 2675 (1,
777 2606 820 2674 37)
843 2609 872 2662 τὸ
891 2607 991 2680 biunde:
1008 2609 1105 2681 ἥσυχον
1130 2606 1165 2676 (6,
1184 2609 1227 2665 341
1252 2611 1294 2687 et¹

172 2710 233 2768 alia
248 2710 283 2768 ci.
300 2708 443 2785 Poppon.
459 2711 483 2785 1,
499 2716 525 2785 1,
545 2730 576 2787 p.
588 2712 665 2786 168).
703 2710 853 2786 Exempla
867 2717 990 2768 exstant
1005 2710 1072 2769 Cat.
1087 2713 1133 2784 38,
1147 2710 1214 2784 Ing.
1230 2711 1282 2769 25:

173 2813 285 2872 bonum
312 2811 468 2888 publicum
495 2811 563 2874 (lat.
589 2816 636 2888 37,
666 2813 737 2873 hist.
770 2817 796 2885 1,
826 2815 873 2888 48,
905 2816 954 2872 13:
985 2813 1096 2871 malum
1125 2812 1282 2887 publicum

173 2915 245 2975 hist.
260 2920 286 2991 4,
303 2919 352 2974 34:
373 2914 448 2973 boni
464 2922 518 2974 aut
536 2916 609 2975 mali
623 2915 741 2990 publici
765 2917 867 2992 gravis
881 2916 1090 2975 existumator.
1105 2915 1172 2990 Iug.
1187 2915 1234 2986 91,
1249 2916 1281 2975 5ὲ

174 3017 283 3075 malum
317 3017 515 3092 improvisum
545 3019 613 3093 Iug.
641 3023 687 3090 67,
719 3022 749 3078 2:
784 3036 895 3094 anceps
926 3018 1036 3076 malum
1066 3019 1133 3093 Iug.
1167 3021 1214 3091 64,
1248 3021 1283 3077 4:

176 3138 332 3181 commune
353 3120 471 3178 malum.
499 3153 537 3162 -
564 3120 630 3179 Cat.
652 3123 698 3191 51,
725 3124 775 3180 32:
806 3121 885 3179 malo
911 3120 1058 3196 (dativus)
1078 3118 1283 3196 reipublicae

176 3224 227 3298 (cf.
255 3222 390 3299 Thucyd.
418 3226 445 3298 2,
477 3222 940 3299 13161166161111611118.
968 3228 1013 3298 16,
1041 3228 1071 3282 1:
1108 3240 1183 3297 quaa
1209 3239 1283 3279 vero

175 3327 305 3402 gratiam
325 3325 513 3384 anteferebat
533 3327 599 3402 lug.
623 3329 668 3402 35,
689 3330 722 3387 2:
744 3330 852 3386 contra
872 3344 975 3386 rorum
996 3326 1063 3385 niti.

187 3440 199 3450 ’·
253 3427 302 3486 Ex
327 3427 501 3504 participiis
528 3428 603 3488 hacc
628 3427 859 3489 commemorare
889 3430 1035 3487 sufficiat:
1066 3428 1215 3503 „inceptis
1241 3427 1284 3484 fa-

176 3532 265 3590 vere“
287 3530 367 3608 (dat.
391 3532 449 3607 17),
482 3549 570 3605 quern
596 3530 692 3589 dativi
715 3549 802 3589 usum
829 3532 1015 3590 rarissimum
1041 3549 1105 3590 esse
1126 3529 1286 3588 contendit

175 3632 349 3708 Draegerus
371 3634 412 3707 (p.
425 3633 484 3708 41),
506 3637 634 3708 „contra
654 3633 807 3718 inceptum
827 3633 951 3692 venire“
971 3635 1038 3710 Iug.
1060 3636 1105 3708 25,
1122 3638 1148 3693 6.
1190 3634 1236 3705 31,
1258 3636 1285 3692 6.

176 3738 223 3808 83,
253 3738 281 3810 3,
312 3735 364 3793 ubi
395 3740 476 3796 recte
506 3718 682 3795 Schultzius
713 3737 756 3813 (p.
772 3736 822 3810 50)
853 3735 997 3795 adnotat:
1033 3735 1202 3810 „Equidem
1233 3753 1286 3792 cur

142 3904 144 3906 v
177 3837 342 3896 Sallustius
363 3839 510 3897 hocloco
533 3839 759 3915 simplicitatem
775 3839 927 3912 quandam
950 3838 1045 3914 prisci
1067 3837 1212 3896 sermonis
1235 3855 1286 3895 ex·

177 3942 307 4018 primere
333 3940 467 3999 voluisse
493 3941 650 4013 videatur,
675 3947 710 3998 ut
737 3939 916 3999 Gerlachius
943 3941 981 4000 ad
1008 3941 1073 4015 Iug.
1101 3942 1152 4014 25,
1182 3943 1200 3998 6
1232 3939 1286 3997 ob-

178 4042 323 4118 servarit,
354 4042 524 4119 intelligere
556 4062 618 4102 non
648 4061 782 4119 possum.
833 4044 1021 4102 Brevitatcm
1052 4043 1202 4116 quandam
1229 4060 1287 4118 pro

181 4144 333 4221 „inceptis
364 4145 429 4203 cius
460 4144 572 4203 olviam
602 4145 665 4204 ire“
695 4146 834 4221 profecto
869 4163 954 4204 nemo
986 4145 1177 4203 infitiabitur.
1226 4143 1289 4202 Sed
