2894 4704
579 369 794 449 *lb-

208 556 361 638 Absolute
382 556 474 617 etiam
493 557 621 634 ponitur
640 575 658 616 a
679 555 839 634 Sallustio,
860 564 894 618 ut
914 558 1124 637 Heusingerus
1149 560 1243 623 anno·

130 663 209 723 tavit
230 661 396 738 (Vechner.
417 661 540 721 Hellen.
560 680 591 737 p.
604 664 741 738 76-78),
762 664 886 721 uerbum
903 662 1036 740 (ligneae
1056 665 1124 740 Ing.
1140 670 1187 740 79,
1207 670 1241 726 6:

130 752 218 842 ‚luca
238 766 378 841 aequalia
398 772 430 825 et
449 766 531 824 nuda
551 765 810 841 gignentium“
835 785 925 826 sensu
947 769 1023 832 satis
1043 771 1243 844 memorabili,

131 869 212 944 quod
232 887 328 943 usque
349 869 388 928 ad
410 869 564 956 Kritaium
588 888 606 927 a
626 869 793 946 plerisque,
821 870 961 946 inprimis
988 892 1006 931 a
1027 871 1190 933 Gerlacbio
1211 877 1243 933 et

128 972 280 1048 Poppone
306 972 344 1030 ad
372 973 540 1047 exemplum
562 972 672 1032 Graeci
697 973 782 1032 verbi
804 973 909 1045 pisata
929 975 978 1033 vel
1002 976 1124 1049 γίγνεσθαι
1157 994 1241 1035 usur·
1344 961 1354 972 ’

128 1080 233 1152 patum
260 1093 324 1135 esse
352 1075 593 1138 existimabatur.
647 1077 852 1136 Doctissimus
879 1081 981 1138 autem
1008 1079 1061 1138 ille
1087 1079 1133 1138 uir
1160 1080 1242 1138 lucu-

128 1179 295 1237 lentissime
321 1178 525 1254 dcmonstrat‚
557 1198 633 1254 quae
662 1178 828 1239 Sallustius
859 1178 1026 1256 (liguentia
1050 1181 1144 1256 dieat,
1174 1200 1241 1242 cnm

129 1282 172 1340 ita
193 1286 369 1358 comparata
397 1283 468 1358 sint,
500 1283 620 1342 utalia
648 1282 780 1342 eiusdem
805 1285 926 1359 generis
957 1303 993 1343 ex
1016 1286 1080 1344 ses‘e
1102 1285 1241 1361 gignant,

130 1402 206 1459 quae
232 1387 305 1443 nata
331 1391 439 1462 suapte
466 1388 497 1444 vi
518 1391 665 1461 crescant,
698 1393 878 1463 augeantur,
910 1390 942 1446 et
967 1404 1072 1445 rursus
1093 1387 1241 1464 gignendi

128 1487 450 1565 facultatemhabeant‚
465 1489 684 1565 easignificari,
696 1490 1240 1566 quaevocamus„erquuiselieKi'rper“.

206 1589 291 1663 Quae
311 1608 378 1650 cum
399 1592 443 1651 ita
464 1593 535 1667 sint,
555 1593 636 1650 hunc
657 1610 743 1651 usum
764 1593 795 1652 in
819 1591 1002 1653 Graecismis
1024 1594 1241 1654 numerandum

128 1711 190 1752 uon
211 1710 331 1753 censeo.

133 1869 137 1876 Ι
205 1796 295 1870 Quod
310 1797 522 1873 Heusingerus
543 1797 575 1856 in
592 1799 694 1858 verbis
719 1800 826 1858 activis
841 1801 964 1876 passive
981 1800 1136 1886 usurpatis
1150 1799 1241 1861 etiam

128 1899 217 1975 Velle
238 1906 385 1976 numerat,
416 1902 493 1960 falsa
514 1901 658 1961 Palmarii
688 1903 864 1962 coniectura
884 1904 1004 1976 nititur,
1036 1904 1088 1978 qui
1117 1903 1242 1980 legebat

126 2002 194 2078 Ing.
216 2006 266 2063 73:
297 2004 455 2078 „volentia
476 2004 514 2064 de
535 2006 682 2065 ambobus
704 2007 914 2082 aeceper·ant“,
936 2006 988 2065 sed
1010 2006 1089 2065 nihil
1110 2013 1166 2082 est,
1187 2025 1241 2065 cnr

127 2123 145 2162 a
165 2104 295 2164 lectione
311 2106 452 2164 omnibus
468 2107 625 2166 codicibus
641 2108 759 2166 firmata
771 2108 907 2183 „volenti
918 2109 1040 2169 animo“
1056 2109 1239 2168 recedamus.

127 2240 165 2250 —-
197 2208 337 2269 (letarum
367 2210 426 2268 hoc
456 2208 652 2286 participium
681 2210 794 2285 legitur
825 2210 909 2272 Hist.
941 2217 969 2287 4,
1000 2215 1051 2273 31:
1086 2212 1242 2290 „volentia

126 2312 228 2389 plebei
248 2312 383 2372 facturus
404 2312 585 2372 videbatnr“
612 2313 663 2371 ubi
688 2331 749 2372 nen
776 2314 898 2390 passive
925 2315 978 2374 sed
1003 2315 1147 2374 adiectiui
1171 2315 1240 2374 loco

126 2421 157 2473 ct
182 2417 367 2492 praegnanti
392 2434 481 2476 sensu
513 2417 557 2493 (=
591 2418 668 2476 bene
694 2418 845 2493 volentia,
877 2419 978 2494 grata)
1008 2418 1144 2495 positum
1175 2435 1240 2478 esse

126 2525 264 2596 apparet.

204 2622 302 2682 Vides
325 2641 414 2698 qnam
434 2641 532 2699 pauca
553 2624 600 2682 his
622 2624 653 2681 in
674 2624 765 2684 rebus
787 2623 825 2682 ad
842 2623 979 2684 Graecae
998 2625 1157 2684 referenda
1178 2625 1241 2685 siut

127 2731 332 2802 quantumque
353 2725 443 2800 absit,
469 2730 513 2800 ut,
538 2726 713 2800 ubicunque
734 2725 792 2785 hoc
816 2727 882 2785 fieri
907 2745 998 2803 posse
1019 2728 1149 2803 videtur,
1179 2747 1240 2791 ccr-

125 2829 242 2888 tissime
263 2835 465 2904 comprobare
486 2828 649 2903 possimus.

201 2931 362 2992 Nonnulla
397 2932 536 3008 exempla
569 2929 735 2991 accusativi
774 2931 891 3008 graeci,
933 2933 984 3008 qui
1018 2938 1161 3009 vocatur,
1201 2951 1238 2992 ex

126 3035 275 3096 Sallustio
305 3037 469 3096 laudantur
502 3037 534 3094 in
556 3034 710 3095 Vechneri
747 3036 845 3111 libro,
882 3037 964 3113 quod
1000 3038 1238 3097 constructionis

124 3158 219 3216 genus
250 3139 327 3199 adeo
360 3139 595 3198 transmarinum
626 3144 657 3197 et
696 3136 845 3198 Graecum
877 3156 943 3198 esse
967 3145 1067 3216 putat,
1097 3146 1132 3199 ut
1157 3141 1239 3217 apud

124 3243 256 3303 Latinos
286 3261 348 3301 non
380 3242 440 3300 nisi
472 3262 490 3301 a
518 3243 620 3318 puetis
651 3248 815 3318 usurpetur
847 3243 889 3319 (p.
907 3241 987 3329 300).
1040 3243 1131 3304 Certe
1161 3245 1238 3304 tales

125 3351 295 3407 structurae
316 3345 398 3421 apud
412 3345 578 3404 historicos
600 3345 670 3404 inde
692 3345 815 3405 aIrivio
837 3347 956 3407 demum
977 3347 1150 3422 frequentes
1171 3365 1237 3408 esse

125 3455 303 3525 coeperunt,
331 3449 466 3524 exceptis
487 3447 647 3524 particulis
670 3447 789 3523 (latera,
810 3448 886 3525 Alia
907 3453 974 3522 eta,
996 3468 1072 3524 quae
1094 3451 1126 3509 in
1152 3469 1238 3516 nsum

123 3552 275 3628 pedestris
291 3552 438 3611 sermonis
454 3552 513 3611 iam
527 3555 598 3612 ante
613 3551 738 3610 Livium
754 3551 905 3628 abierant,
932 3570 1113 3630 quamquam
1129 3552 1237 3613 Sicera

124 3659 182 3730 pro
200 3649 250 3714 his
272 3657 325 3732 „in
340 3655 458 3730 ceteris,
480 3655 549 3713 aliis
566 3656 597 3713 in
612 3635 721 3714 reuus‘
737 3657 785 3715 vel
800 3654 1091 3723 similibusvucibus
1105 3655 1238 3733 plerum·

125 3776 183 3834 que
209 3760 315 3835 utitur,
345 3759 388 3817 ita
418 3763 452 3816 ut
482 3758 563 3834 apud
592 3757 774 3817 Sallustium
805 3759 880 3818 talia
905 3759 932 3817 si
963 3776 1025 3817 non
1056 3759 1176 3834 poetice
1206 3764 1239 3817 at

124 3867 226 3919 tamen
250 3861 418 3922 insolenter
444 3862 528 3921 dicta
553 3878 617 3920 esse
643 3861 815 3932 videantur.
867 3861 913 3923 Of.
938 3851 1009 3922 hist
1037 3864 1064 3936 3,
1097 3866 1147 3921 74:
1179 3861 1238 3921 De·

124 3964 249 4024 decores
270 3965 420 4040 inultique
447 3968 557 4040 terga
583 3965 621 4023 ab
648 3964 790 4024 hostibus
816 3964 1021 4024 caedebantur
1042 3965 1109 4042 Ing.
1133 3969 1177 4042 19,
1205 3969 1235 4025 7;

124 4074 245 4142 praeter
275 4087 384 4140 nomep
416 4072 545 4147 uetera
575 4069 683 4143 populi
714 4067 848 4127 Romani
878 4067 1003 4144 ignarus
1034 4069 1105 4130 hist.
1137 4071 1170 4144 5,
1204 4073 1237 4129 6:

124 4146 248 4232 uetera
265 4170 419 4252 egregius.
447 4170 552 4246 fragm.
580 4169 638 4245 inc.
666 4173 738 4230 113:
765 4174 888 4231 sanetus
909 4170 988 4231 alia
1016 4175 1066 4251 18:
1092 4171 1236 4232 Germani
