2894 4704
611 349 824 409 „17-

165 535 265 612 plebei
292 534 403 595 militia
427 536 544 594 volenti
570 536 767 612 putabatur“.
808 533 946 591 Kritzius
973 536 1064 607 putat
1086 531 1277 590 Priscianum

165 639 336 714 respexisse
363 638 579 697 Demosthenis
607 637 707 696 locum
732 655 789 713 pro
819 637 890 694 Ocr.
916 654 945 711 p.
972 638 1028 694 229
1055 635 1114 709 (ed.
1141 635 1277 710 Reiske).

167 740 228 800 Sed
247 740 352 816 potuit
372 741 496 799 laudare
520 741 654 814 quemvis
675 740 769 798 alium
784 738 981 813 Graecorum,
1002 739 1112 812 quibus
1134 757 1201 797 cum
1216 756 1277 796 om·

165 845 255 903 uibus
285 845 344 902 hoc
373 843 495 903 dicendi
524 863 618 918 genus
651 845 795 903 usitatum
828 849 875 901 est
906 849 969 900 tum
995 843 1107 901 nemini
1133 843 1277 901 usitatius

167 965 255 1021 quam
277 947 459 1023 Thucydidi,
486 947 529 1006 ita
555 951 589 1006 ut
609 948 665 1006 hac
684 949 717 1004 in
738 966 770 1005 re
791 965 858 1005 eum
878 945 1019 1003 Romano
1045 945 1190 1021 scriptori
1213 944 1278 1001 imi·

166 1051 279 1109 tationi
300 1051 393 1110 luisse
406 1069 462 1126 pro
479 1054 561 1108 certo
577 1050 727 1108 affirmare
740 1051 901 1135 possimus.
946 1049 1106 1107 Invenitur
1121 1049 1200 1106 enim
1215 1064 1276 1102 nou

167 1155 265 1212 solum
291 1172 352 1211 vox
377 1156 537 1225 ,βουλομένῳ
556 1154 631 1208 εἶναι’·
654 1155 815 1228 quinquies
842 1155 882 1230 (2,
894 1156 920 1211 3.
952 1156 979 1226 4,
991 1156 1037 1235 80.
1073 1154 1101 1224 4,
1112 1151 1159 1210 85.
1191 1151 1277 1221 7,35.

170 1260 198 1330 8,
219 1257 267 1332 92)
290 1256 454 1316 sedetiam
476 1256 586 1315 similia
608 1256 793 1332 saepissime,
814 1259 841 1331 2,
863 1260 913 1314 6οε
934 1255 1159 1328 προςδεχομένῳ
1186 1272 1227 1322 μοι
1245 1278 1278 1288 -

167 1361 293 1432 γεγένηται
310 1360 335 1421 6,
352 1360 399 1412 46:
417 1365 455 1430 τῷ
474 1362 517 1429 μὲν
530 1358 613 1427 Νικίᾳ,
632 1361 853 1433 προςδεχομένῳ
871 1361 901 1428 ἦν
922 1361 947 1424 4,
967 1360 1015 1413 Bb:
1043 1361 1189 1428 ἀσμένοις
1207 1359 1279 1423 ἡμῖν

168 1465 269 1535 ἀφῖγμαι
287 1463 311 1526 5,
324 1463 385 1516 111:
402 1463 498 1516 τοίιτων
516 1465 559 1531 μὲν
570 1465 612 1516 καὶ
624 1465 843 1535 πεπειραμένοις
861 1465 889 1516 ἄν
901 1464 1018 1534 τιγένοιτο
1036 1465 1078 1515 καὶ
1097 1463 1151 1529 ὑμῖν
1168 1462 1209 1512 καὶ
1223 1463 1276 1514 οὒκ.

169 1566 402 1634 ἀνεπιστήμοσιν
426 1565 462 1620 ὅτι
492 1599 528 1606 -
550 1597 586 1606 -—
618 1566 670 1623 ubi
694 1564 871 1623 Goellerus:
903 1565 1035 1638 „dietum
1067 1572 1114 1623 est
1144 1564 1277 1623 utillud

170 1669 311 1738 βουλομένῳ
334 1689 375 1738 μοι
392 1670 515 1740 γίγνεται“
536 1668 574 1728 cf.
595 1667 693 1728 Malli.
714 1668 784 1726 libr.
806 1675 962 1742 grammat.
983 1686 1013 1743 p.
1036 1670 1099 1727 712.

248 1770 340 1830 Ηιιοο
362 1771 566 1830 Graecismum
588 1769 752 1831 Sallustius
773 1771 805 1828 in
827 1788 994 1829 sermonem
1013 1770 1159 1828 Latinum
1181 1771 1278 1829 intro·

110 1883 115 1900 ‘
171 1875 294 1934 duxisse
321 1880 443 1934 constat
464 1874 514 1944 (ef.
536 1874 673 1949 Draeger
693 1874 719 1949 I,
745 1893 776 1949 p.
797 1877 867 1948 402)
895 1881 926 1932 et
953 1890 1133 1946 quamquam
1157 1863 1280 1948 praeter

172 1998 238 2038 eum
269 1979 379 2053 locum,
411 1996 498 2052 quem
528 1977 727 2053 laudavimus,
759 1977 849 2036 semel
879 1983 998 2035 tantum
1028 1977 1109 2052 apud
1141 1993 1208 2034 eum
1236 1977 1289 2033 in:

171 2080 293 2139 venitur
313 2082 393 2157 (lug.
416 2083 480 2155 100,
501 2084 533 2139 4:
560 2079 605 2138 uti
627 2081 775 2139 militibus
804 2085 989 2153 exaequatus
1011 2097 1076 2138 cum
1098 2080 1281 2154 imperatore

173 2187 260 2244 labos
280 2184 502 2243 volentibus
529 2184 634 2258 esset),
660 2184 782 2259 saepius
810 2201 845 2241 eo
872 2201 959 2241 usum
985 2199 1050 2240 esse
1077 2183 1108 2238 in
1129 2182 1280 2240 Historiis

172 2306 239 2358 eum
254 2287 451 2362 suspicamur,
472 2304 538 2344 cum
553 2285 642 2343 etiam
663 2303 699 2343 ex
719 2286 788 2343 aliis
803 2285 930 2343 vocibus
946 2286 995 2360 (ut
1009 2285 1144 2360 „volenti
1160 2285 1281 2343 anim0“

172 2388 362 2465 „volentia“)
377 2395 534 2464 appareat,
557 2407 623 2446 eum
637 2388 795 2465 participii
811 2389 896 2447 verbi
911 2389 1028 2463 „velle“
1043 2389 1281 2447 amantissimum

171 2493 274 2551 fuisse.
317 2492 457 2551 Ceterum
479 2500 624 2566 quantum
644 2492 718 2550 haee
739 2496 892 2551 structura
906 2510 924 2549 a
938 2493 1159 2550 consuetudine
1174 2491 1281 2550 Latini

171 2595 318 2654 sermonis
345 2596 477 2670 recedat,
504 2613 541 2653 ex
569 2613 604 2654 eo
631 2594 764 2670 intelligi
791 2600 904 2670 potest,
936 2595 1017 2668 quod
1043 2594 1189 2670 perpauci
1217 2612 1282 2652 eam

172 2697 285 2757 imitari
305 2698 409 2756 conati
433 2703 512 2754 sunt.
554 2696 634 2755 Nam
660 2697 743 2772 apud
768 2696 890 2755 Livium
919 2696 1103 2755 Graecarum
1128 2703 1282 2755 construc-

171 2799 547 2867 tionumamantissimum
568 2800 659 2858 semel
680 2805 797 2858 tantum
819 2798 973 2859 invenitur
995 2800 1053 2875 (21,
1075 2803 1121 2875 50,
1144 2803 1195 2859 10:
1217 2800 1282 2873 qui-

172 2903 299 2962 busdam
320 2903 495 2962 volentibus
517 2935 553 2945 -
575 2902 666 2977 fore),
691 2903 773 2977 apud
801 2901 951 2978 Tacitum,
980 2904 1031 2977 qui
1057 2909 1227 2977 utrumque,
1252 2909 1283 2961 et

175 3004 355 3065 Sallustium
380 3009 413 3066 et
439 3005 645 3082 Thucydidem
672 3005 808 3065 imitatus
835 3014 891 3081 est,
916 3009 964 3065 ter
991 3007 1117 3082 (Annei.
1137 3008 1163 3082 I,
1189 3010 1283 3078 59,1.

175 3108 259 3168 Hist.
280 3109 340 3183 ΙΙΙ,
361 3112 407 3169 43.
447 3110 552 3185 Agric.
576 3111 634 3184 18).
674 3108 723 3166 Ex
745 3110 958 3186 scriptoribus
971 3110 1153 3186 posterioris
1175 3109 1284 3168 aetatis

174 3212 352 3271 Macrobius
374 3217 492 3271 tantum
513 3231 577 3271 eam
597 3212 722 3270 adhibet
744 3214 785 3288 (1,
797 3217 823 3273 7.
854 3215 881 3287 2,
893 3214 920 3270 3.
951 3214 1028 3288 7,6).
1049 3211 1284 3271 Perversissime

176 3322 276 3375 autem
302 3335 320 3374 a
348 3316 455 3375 Curtio
483 3315 612 3390 aliisque
638 3334 706 3374 cum
730 3316 786 3374 hac
815 3316 951 3374 dictione
982 3318 1188 3390 comparatum
1219 3331 1284 3372 esse

161 3416 276 3498 ,locum
303 3419 354 3492 qui
380 3425 481 3478 exstat
500 3420 567 3494 Iug.
590 3422 636 3493 73,
658 3422 689 3477 3:
717 3419 866 3493 (‚,volenti
890 3419 991 3476 animo
1012 3418 1049 3475 de
1071 3418 1217 3475 ambobus
1239 3435 1286 3474 ao-

177 3521 353 3595 ceperant“)
376 3522 435 3580 iam
447 3522 586 3581 Kritzius
600 3523 728 3582 monuit.
755 3520 901 3580 Dativum
922 3519 1002 3578 euim
1022 3520 1213 3579 nullomodo
1235 3519 1285 3577 hic

177 3622 324 3697 explicari
345 3640 436 3698 posse
459 3622 587 3697 quisque
608 3625 701 3684 ridet.

255 3725 397 3785 Ceterum
417 3727 444 3784 si
464 3726 502 3785 de
523 3733 632 3786 natura
652 3732 684 3787 et
702 3728 733 3785 vi
754 3728 844 3786 huius
865 3729 985 3803 generis
1005 3728 1127 3789 dicendi
1148 3727 1285 3803 „volenti

178 3830 263 3888 esse“
285 3834 342 3892 ete.
364 3847 508 3906 quaerere
528 3831 676 3907 volumus,
697 3832 923 3890 assentiendum
944 3837 991 3890 est
1010 3832 1208 3904 Buttmanno,
1234 3830 1285 3902 qui

177 3933 236 3992 hoc
257 3934 334 3992 nihil
355 3935 440 3993 aliud
461 3933 522 3992 nisi
543 3934 853 4010 circumscriptionem
880 3935 1027 4011 simplicis
1047 3934 1132 3992 verbi
1157 3931 1287 4003 βούλεσθαι

179 4053 244 4096 esse
269 4036 346 4096 dicit
371 4037 614 4110 reiciendamque
641 4043 717 4111 puto
745 4039 867 4113 longam
893 4038 977 4096 illam
1002 4036 1215 4110 difficilemque
1236 4037 1300 4093 ex?

178 4139 386 4215 plicationem,
408 4157 498 4214 quam
518 4138 603 4198 dedit
615 4139 754 4198 Kritzius
771 4139 868 4217 (Edit.
883 4139 921 4213 Ι).
954 4139 1089 4213 Cumque
1102 4140 1177 4197 haec
1190 4137 1284 4196 dictio

1114 4251 1131 4302 2
