2894 4704
575 390 789 450 ..21-

130 572 201 632 hist.
228 576 256 647 2,
283 575 335 632 43:
362 582 436 631 cava
462 576 560 631 terrae
585 572 657 631 hist.
682 575 710 645 4,
739 575 788 630 17:
818 572 929 631 Italiae
956 573 1060 631 mollia
1085 591 1120 631 ac
1145 575 1238 649 plana

130 675 202 734 hist.
223 678 250 750 3,
272 681 318 751 61,
340 681 372 735 4:
399 675 574 734 certaminis
595 675 735 733 advorsa.
758 669 861 734 'Haec
886 676 949 733 fere
977 683 1047 734 sunt
1067 677 1239 752 insigniora

131 780 271 855 exempla
291 798 328 838 ex
349 780 397 853 iis,
420 797 495 853 quae
517 778 673 853 congessit
693 779 942 836 Badstuebnerus
964 780 1006 853 (p.
1027 780 1088 852 24),
1110 797 1238 853 quorum

132 899 272 939 numerus
298 882 387 939 facile
416 883 520 956 augeri
548 886 661 958 potest.
713 881 809 939 Recte
839 881 927 939 multi
957 882 1017 938 iam
1047 890 1238 958 monuerunt,

133 984 212 1041 hunc
233 983 379 1057 loquendi
394 1001 480 1042 usum
493 985 594 1059 poetis
610 985 737 1043 maxime
753 984 851 1058 iisque
865 983 955 1041 modo
972 1002 1070 1042 rerum
1086 991 1238 1059 gestarum

131 1073 344 1160 scriptoribus,
376 1087 428 1160 qui
459 1096 531 1161 post
556 1085 735 1146 Sallustium
766 1088 917 1160 vixerunt,
947 1087 1105 1162 proprium
1136 1088 1238 1146 fnisse.

130 1188 254 1246 Etenim
284 1188 366 1264 apud
393 1189 570 1247 Ciceronem
600 1208 669 1248 raro
701 1189 832 1248 inveniri
863 1206 939 1262 eum,
970 1188 1051 1264 apud
1080 1188 1238 1249 Caesarem

131 1291 222 1349 semel
241 1295 369 1364 tautum,
391 1295 498 1350 contra
519 1292 600 1367 apud
621 1292 745 1350 Livium
765 1296 796 1350 et
817 1291 955 1350 Tacitum
976 1292 1156 1368 sexcenties,
1188 1293 1239 1352 de·

131 1393 314 1452 monstravit
334 1394 509 1470 Draegerus
532 1396 574 1472 (p.
595 1395 771 1469 417—418).

210 1494 278 1568 Qua
304 1513 341 1554 ex
368 1514 400 1555 re
423 1495 565 1572 Crispum
591 1497 721 1571 primum
746 1515 783 1554 ex
808 1496 931 1554 Latinis
959 1496 1162 1572 scriptoribus
1188 1515 1240 1572 pe·

131 1599 244 1658 destris
269 1600 415 1657 sermonis
441 1599 522 1656 hunc
548 1616 633 1656 usum
659 1600 867 1672 frequentasse
888 1599 1023 1657 videmus
1049 1602 1140 1672 atque
1161 1616 1240 1657 com-

130 1707 245 1759 motum
270 1701 350 1760 haud
376 1701 468 1760 dubie
495 1702 634 1776 exemplo
658 1701 855 1777 Thucydidis,
883 1719 972 1776 quem
992 1701 1125 1760 omnium
1148 1699 1240 1760 Grae-

131 1821 235 1862 corum
255 1804 346 1863 huius
367 1808 537 1864 structurae
559 1805 796 1863 amantissimum
817 1822 882 1862 esse
904 1809 1011 1864 notum
1024 1807 1080 1864 eet.
1115 1804 1240 1878 Exque

132 1908 159 1964 si
180 1908 318 1982 exempla
338 1907 444 1966 afferre
458 1909 613 1981 vellemus,
635 1908 797 1982 unicuique
811 1925 907 1981 paene
922 1925 1034 1979 earum,
1057 1923 1132 1980 quas
1150 1907 1240 1965 modo

132 2009 331 2085 laudavimus,
357 2010 525 2069 dictionum
551 2012 748 2086 respodentia
774 2012 910 2070 invenire
941 2028 1108 2087 possemus.
1164 2008 1240 2068 (ium

131 2118 232 2171 autern
253 2112 328 2170 talia
347 2114 429 2189 apud
451 2115 587 2186 quemvis
609 2113 700 2172 alium
716 2112 901 2173 Graecorum
923 2113 1128 2185 inveniantur,
1149 2112 1241 2170 liceat

131 2214 277 2273 hocloco
300 2217 373 2273 mihi
394 2217 563 2274 accuratius
589 2217 682 2292 paulo
705 2217 864 2292 disserere,
892 2234 950 2291 qna
974 2218 1093 2275 ratione
1115 2215 1239 2274 omnino

132 2323 240 2376 neutra
260 2317 479 2377 adiectivorum
499 2310 530 2376 et
550 2319 784 2394 participiorum
805 2319 1022 2396 usurpaverint
1042 2319 1130 2377 ambo
1146 2319 1240 2394 scrip·

132 2426 225 2494 tores,
246 2426 289 2495 ut,
316 2438 370 2479 cur
390 2420 529 2496 inprimis
551 2423 651 2482 Attici
674 2423 835 2499 scriptoris
861 2423 1031 2498 exemplum
1055 2421 1165 2498 Crispo
1188 2421 1241 2479 ob-

133 2528 287 2581 versatum
308 2540 373 2581 esse
393 2530 507 2599 putem,
529 2532 687 2600 appareat.

210 2625 315 2700 Atque
340 2627 529 2684 substantive
557 2628 678 2701 quidem
703 2604 850 2703 usurpare
877 2634 986 2686 neutra
1012 2626 1242 2702 adiectivorum,

133 2729 273 2788 omnibus
294 2729 496 2804 scriptoribus
522 2730 668 2787 usitatum
694 2737 750 2787 est.
801 2729 861 2788 Sed
888 2731 1066 2804 plerumque
1095 2727 1154 2785 hoc
1174 2728 1240 2786 fieri

132 2838 238 2891 notum
268 2839 325 2905 est,
357 2832 479 2905 quando
510 2831 662 2889 adiectiva
693 2832 874 2890 nominativi
903 2830 951 2889 vel
976 2829 1143 2888 accusativi
1171 2847 1242 2888 casu

132 2941 298 3012 ponuntur,
329 2936 444 3008 rarius,
475 2935 596 3009 quando
630 2942 799 3009 regnantur
829 2933 1128 3010 praepositionibus,
1160 2932 1242 3006 quod

132 3039 228 3113 magis
244 3037 430 3098 Graecorum
444 3038 602 3114 proprium
617 3044 672 3095 est.
706 3036 807 3109 Quare
828 3036 910 3113 apud
925 3035 1059 3112 optimos
1075 3036 1241 3111 scriptores

132 3141 182 3200 hio
202 3159 273 3199 usus
294 3142 375 3199 haud
397 3142 539 3215 frequens
565 3147 612 3198 est
632 3141 682 3215 (cf.
705 3138 851 3214 Draeger.
873 3137 974 3215 p.45),
1002 3144 1110 3196 contra
1131 3138 1202 3195 inde
1224 3155 1242 3195 a

37 3329 40 3333 .
134 3243 283 3303 Sallustio
305 3245 386 3318 apud
408 3245 571 3302 historicos
592 3243 856 3317 frequentissimus
878 3259 943 3300 esse
964 3241 1076 3317 coepit.
1114 3241 1243 3298 Praeter

133 3365 178 3422 ea,
204 3364 366 3421 quaecum
393 3346 544 3405 Genetivo
572 3347 736 3405 coniuncta
761 3346 851 3404 modo
883 3343 1134 3416 enumeravimus,
1168 3342 1243 3400 haec

133 3452 195 3510 fere
217 3456 288 3509 sunt
308 3450 459 3525 exempla:
489 3449 556 3508 Oct.
577 3453 610 3508 8:
632 3466 669 3506 ex
689 3465 761 3506 vero
784 3447 851 3506 Cat.
874 3450 924 3505 13:
952 3447 984 3502 in
1004 3444 1170 3520 propatulo
1192 3449 1244 3503 41:

131 3554 165 3612 in
196 3554 312 3613 incerto
343 3552 454 3610 habere
475 3553 543 3626 Ing.
573 3554 625 3610 38.-
655 3552 687 3608 in
714 3552 831 3609 incerto
863 3555 930 3606 erat
957 3547 1024 3606 Cat.
1052 3549 1098 3620 51,
1131 3548 1180 3604 12:
1210 3545 1243 3602 in

135 3657 264 3715 obscuro
287 3658 333 3730 52,
355 3661 387 3714 6:
414 3656 445 3712 in
467 3654 562 3713 dubio
584 3655 653 3734 Ing.
675 3656 725 3713 73:
753 3655 785 3712 in
810 3652 907 3713 maius
933 3667 1115 3726 componere
1135 3648 1241 3723 fragm.
1276 3680 1279 3687 ·

135 3760 193 3817 inc.
209 3764 260 3820 78:
274 3760 307 3817 in
322 3759 455 3818 deterius
471 3776 651 3833 componere
662 3758 729 3832 Iug.
742 3739 788 3832 92',
803 3759 820 3816 5
836 3756 867 3813 in
883 3755 1057 3813 immensum
1070 3752 1136 3811 Cat.
1153 3752 1198 3825 15,
1211 3753 1243 3808 2:

133 3878 191 3935 pro
213 3868 295 3921 certo
317 3866 364 3935 52,
386 3865 436 3919 11:
461 3862 493 3918 in
514 3864 649 3920 extremo
672 3861 738 3935 Iug.
761 3861 787 3933 5,
813 3862 844 3918 3:
871 3859 903 3915 in
924 3863 1031 3931 aperto
1054 3857 1100 3928 22,
1125 3857 1160 3910 4:
1186 3870 1242 3927 pro

134 3966 217 4022 bono
244 3967 289 4039 30,
315 3969 349 4024 2:
379 3982 494 4023 avero
521 3965 664 4036 bonoque
692 3965 744 4035 52,
775 3965 805 4020 2:
836 3979 873 4019 ex
900 3959 1021 4018 occulto
1048 3959 1098 4031 85,
1127 3958 1180 4016 23:
1212 3954 1244 4011 in

136 4068 266 4128 occulto.
293 4100 329 4110 -
355 4066 458 4124 Multa
483 4083 520 4122 ex
551 4065 598 4123 his
626 4065 834 4141 Thucydidem
868 4067 1022 4122 auctorem
1052 4059 1164 4118 clarius
1194 4057 1244 4115 de·

135 4175 297 4229 monstrat:
331 4168 382 4244 „in
402 4165 520 4240 ,nicius
554 4165 586 4222 in
616 4165 750 4224 deterius
771 4165 971 4241 componere“
1001 4167 1068 4237 etc,
1100 4178 1175 4235 quae
1206 4177 1244 4218 ex
1320 4246 1321 4249 Ἴ
