2894 4704
625 349 839 410 -31-

173 529 226 589 ubi
248 530 382 606 scriptor
401 530 510 590 nonin
530 550 591 590 una
604 535 758 591 structura
776 539 953 607 perseverat
973 536 1025 594 sed
1040 536 1139 595 variat
1160 537 1281 612 singula

173 633 324 691 enuntiati
339 635 479 706 membra,
501 634 564 692 sive
584 634 644 692 hoc
664 633 695 691 in
715 635 857 711 numeris,
878 637 941 696 sive
962 638 995 695 in
1009 637 1140 714 casibus,
1162 639 1226 697 sive
1248 639 1279 696 in

172 743 360 818 temporibus
383 738 477 811 verbi,
499 737 562 795 sive
583 737 614 794 in
635 737 732 796 modis
754 739 796 798 fit.
845 739 935 812 Quod
956 740 1076 800 dicendi
1099 760 1193 817 genus
1216 741 1281 800 Sal-

140 871 142 874 ·
173 846 258 904 lustii
284 853 345 903 tam
369 841 524 920 peculiare
552 845 608 914 est,
639 846 673 899 ut
698 858 734 898 ex
761 842 901 899 omnibus
928 842 1050 901 Latinis
1077 844 1280 918 scriptoribus

171 953 293 1024 praeter
314 946 454 1004 Tacitum
483 944 536 1001 vix
558 960 735 1017 quemquam
760 943 907 1020 invenias,
938 945 1020 1021 apud
1047 964 1134 1020 quem
1161 947 1280 1006 sithoc

171 1047 372 1124 frequentius,
404 1048 506 1121 itaque
533 1047 597 1105 inre
628 1064 695 1105 eum
715 1045 771 1104 hac
802 1046 833 1103 in
861 1064 892 1105 re
913 1066 979 1106 cum
1002 1048 1180 1124 Thucydide
1201 1067 1280 1108 com·

171 1169 280 1228 parare
308 1150 419 1227 possis,
450 1149 502 1223 qui
533 1166 607 1224 prae
633 1148 742 1206 ceteris
768 1148 893 1208 Graecis
919 1149 1009 1208 huius
1036 1157 1207 1211 structurae
1233 1157 1281 1212 est

171 1271 283 1313 amans.
318 1253 459 1313 Ceterum
477 1251 581 1309 ambos
597 1251 762 1326 scriptores
779 1251 1068 1312 hacconsuetudine
1088 1271 1155 1313 cnm
1176 1256 1278 1316 studio

172 1355 333 1414 brevitatis
366 1354 529 1412 coniuncta
555 1354 740 1430 aliquotiens
772 1355 919 1413 obscuros
944 1355 1008 1414 lieri
1036 1356 1117 1415 haud
1142 1357 1281 1434 ignotum

169 1464 226 1533 est,
257 1457 310 1516 sed
341 1458 376 1516 fit
406 1456 506 1528 etium,
539 1459 574 1515 ut
607 1457 707 1516 oratio
744 1474 850 1516 eorum
879 1457 935 1515 hac
968 1459 1139 1519 variatione
1173 1460 1280 1520 mirum

168 1561 201 1617 in
235 1560 355 1619 modum
390 1559 431 1617 sit
464 1560 554 1619 vivax
587 1559 745 1634 magisque
779 1559 897 1618 alliciat
930 1577 1006 1635 eum,
1041 1562 1093 1634 qui
1121 1563 1207 1638 legit,
1240 1563 1279 1622 ad

168 1663 261 1721 altius
281 1662 501 1739 penetrandum
522 1662 553 1719 iu
575 1679 694 1721 sensum
715 1680 830 1737 eorum,
859 1680 936 1736 qnae
957 1662 1092 1738 scriptor
1112 1663 1279 1740 exprimere

170 1765 280 1825 uoluit.

249 1867 353 1941 Atque
374 1868 502 1944 primum
525 1867 645 1942 quidem
666 1868 806 1927 numeri
827 1867 993 1929 variantur.
1035 1867 1095 1928 Sed
1117 1852 1183 1929 cuin
1203 1870 1280 1930 talia

170 1967 229 2028 iam
252 1969 465 2046 invenerimus,
473 1969 532 2028 ubi
547 1970 584 2028 de
599 1971 829 2030 constructione
850 1972 915 2025 κατὰ
938 1971 1030 2028 σύνεσιν
1048 1973 1279 2049 disserebamus,

168 2070 257 2129 venia
282 2071 372 2129 nobis
399 2077 446 2131 est
475 2072 618 2148 peteuda,
649 2073 675 2130 si
704 2072 861 2147 quaedam,
892 2090 968 2149 quae
993 2092 1085 2151 snpra
1111 2076 1279 2152 attigimus,

171 2179 308 2249 repetere
323 2173 469 2250 cogimur.
500 2175 650 2251 Exempla
663 2182 764 2235 autem
777 2176 913 2252 insignia
926 2177 1000 2235 haec
1014 2184 1099 2238 snut:
1122 2177 1189 2237 Cat.
1205 2184 1231 2253 7,
1245 2182 1278 2237 4:

169 2275 228 2335 iam
249 2277 378 2352 primum
401 2278 553 2349 iuventae,
585 2278 710 2338 simulac
736 2279 810 2337 belli
837 2279 959 2353 patiens
985 2284 1081 2355 erat,
1112 2279 1143 2337 in
1170 2281 1278 2339 castris

169 2377 308 2437 militiam
329 2378 502 2439 discebat
526 2381 683 2456 magisque
699 2415 735 2424 -
750 2380 918 2441 lubidinem
932 2381 1087 2442 habebant
1102 2382 1169 2443 cat.
1184 2386 1231 2459 23,
1247 2388 1278 2444 6:

169 2479 313 2556 pleraque
345 2482 493 2542 nobilitas
523 2484 684 2542 aestuabat
714 2491 745 2544 et
778 2517 814 2527 —
849 2484 1024 2560 credebant,
1054 2517 1092 2529 -
1126 2486 1278 2561 sperabat.

168 2582 235 2658 Ing.
258 2588 303 2660 17,
325 2588 355 2644 7;
377 2588 412 2644 ut
425 2586 658 2661 interpretatum
673 2587 762 2645 nobis
783 2594 830 2647 est
843 2621 881 2631 —
894 2588 993 2648 dicam
1014 2592 1061 2664 97,
1082 2591 1113 2647 3:
1135 2588 1277 2665 „Bochus

170 2717 205 2728 -
229 2686 407 2761 Iugurtham
427 2687 551 2748 accedit.
582 2687 631 2745 Ita
650 2719 689 2730 -
709 2689 888 2749 invadunt.“

244 2787 331 2848 Haec
356 2806 449 2866 snpra
474 2789 621 2865 exemplis
648 2807 685 2848 cx
710 2790 888 2867 Thucydide
912 2790 1019 2867 petitis
1046 2791 1276 2854 illustravimus.
1385 2806 1388 2809 ·

168 2888 351 2967 Saepissime
372 2893 463 2952 etiam
477 2891 593 2951 numeri
616 2893 877 2952 substantivorum
897 2895 1068 2953 variantur:
1092 2893 1160 2966 dat.
1182 2898 1228 2969 16,
1248 2897 1275 2953 2.

167 2994 213 3068 33,
245 2997 276 3053 1:
310 2995 407 3071 fidem,
437 2995 576 3056 fortunas
608 2999 654 3071 20,
685 2999 717 3056 8:
752 2996 898 3073 pericula,
933 3002 1099 3073 egestatem
1124 2998 1192 3074 Ing.
1223 2999 1275 3057 57:

168 3097 280 3172 glande
301 3104 354 3158 aut
385 3099 540 3176 lapidibus
561 3098 642 3158 ibid:
674 3097 774 3159 iacula
794 3100 955 3159 tormentis
981 3103 1035 3160 aut
1054 3118 1142 3159 manu
1167 3100 1277 3159 emissa

166 3199 233 3274 Iug.
260 3203 312 3260 25:
342 3207 396 3259 ent
423 3202 454 3259 vi
485 3208 538 3260 aut
563 3201 652 3263 dolis.
683 3201 767 3278 lug:
797 3202 990 3261 voluntarius
1022 3208 1076 3262 aut
1105 3220 1143 3261 ex
1174 3203 1277 3263 sociis.

167 3301 366 3379 Thucydidea
386 3304 541 3379 congessit
560 3303 672 3379 Poppo
693 3304 718 3376 Ι,
741 3309 767 3379 l,
787 3323 818 3380 p.
833 3307 899 3365 267.

246 3404 392 3480 Sequitur
413 3406 544 3466 variatio
566 3422 698 3480 casuum,
720 3423 780 3482 qua
798 3409 861 3466 tam
880 3407 975 3466 libere
988 3407 1085 3468 utitur
1100 3407 1277 3484 Sallustius,

167 3508 256 3567 utin
283 3509 389 3567 eodem
414 3509 574 3567 enuntiato
601 3508 738 3567 diversos
764 3526 852 3568 casus
877 3509 917 3568 sd
944 3509 1024 3568 idem
1053 3510 1276 3570 substantivum

166 3611 214 3669 vel
241 3611 423 3670 adiectivum
450 3611 564 3670 relatos
591 3611 735 3687 legamus,
767 3616 802 3670 ut
828 3610 895 3671 Cat.
922 3615 968 3688 33,
995 3615 1028 3672 1:
1058 3612 1196 3688 plerique
1223 3630 1276 3689 pa·

165 3714 269 3790 triae,
310 3714 362 3774 sed
403 3731 506 3773 omues
547 3713 638 3773 fama
677 3717 769 3789 atque
810 3713 964 3773 fortunis
998 3720 1138 3790 expertes
1172 3732 1274 3775 snmus

165 3816 231 3891 Iug.
244 3821 290 3892 74,
305 3820 337 3877 3:
352 3816 484 3876 Romani
494 3834 645 3876 armorum
656 3816 825 3891 aliquanto
841 3834 991 3893 numero,
1005 3816 1139 3876 hostium
1152 3835 1274 3893 panco-

167 3937 244 3978 rum
265 3921 358 3995 potiti
380 3923 460 3979 sunt.
481 3919 549 3995 Ing.
570 3923 618 3992 84,
639 3922 672 3978 2;
694 3919 857 3995 plerosque
878 3919 1038 3992 militiae,
1058 3936 1172 3995 pancos
1187 3919 1276 3978 lama
1372 3916 1376 3921 ’

168 4021 310 4097 cognitos
340 4022 439 4081 accire
472 4020 539 4080 (iat.
569 4023 615 4096 25,
646 4025 685 4081 2;“
709 4021 856 4098 „litteris
883 4021 1009 4081 Graecis
1035 4027 1126 4096 atque
1151 4022 1274 4082 Latinis

167 4125 267 4200 docta,
295 4125 427 4202 psallere
454 4130 485 4183 et
511 4123 622 4182 saltare
649 4124 819 4201 elegantius
840 4158 878 4169 -
898 4125 994 4186 multa
1013 4122 1106 4198 alia,
1132 4141 1208 4198 quae
1229 4123 1274 4182 in·
1324 4136 1328 4143 ’
