2894 4704
664 364 877 424 „24..

291 550 441 608 Similiter
466 551 546 625 apud
568 547 700 608 Latinos
730 547 848 622 Cicera,
876 549 947 622 quia
973 549 1088 624 primus
1111 549 1149 607 de
1172 548 1264 606 rebus
1287 547 1326 606 ad

214 652 443 729 philosophiam
467 647 693 727 pertinentibus
713 670 806 726 prosa
832 653 972 711 oratioue
995 652 1119 728 scripsit
1147 653 1187 727 (si
1208 651 1325 727 excipis

214 755 407 828 Amafinium,
429 755 599 830 Rabirium,
632 755 762 830 Catium,
789 757 954 830 scriptores
977 756 1137 830 obscuros)
1160 753 1326 812 abstractis

216 858 456 932 significationes
477 857 614 915 iuvenire
635 862 758 915 coactus
780 851 835 914 est.
877 855 1043 915 Sallustius
1062 861 1163 915 autem
1183 874 1249 914 cum
1263 857 1326 932 pri·
1366 860 1368 865 ’

216 979 281 1019 mus
308 960 518 1019 Romanorum
554 960 714 1018 historiam
747 959 850 1018 eadem
889 978 948 1034 qua
980 960 1172 1035 Thucydides
1206 959 1328 1017 ratione

216 1064 371 1139 scriberet,
386 1053 406 1123 i.
421 1082 446 1121 e.
462 1068 495 1120 ut
509 1080 608 1121 rerum
627 1079 733 1120 causas
748 1067 886 1120 accurate
900 1055 1101 1137 perquireret,
1115 1080 1213 1120 mores
1227 1062 1324 1120 claro·

216 1184 281 1224 rum
301 1166 436 1225 virorum
457 1165 690 1241 diligentissime
717 1165 904 1223 describeret
924 1163 1117 1222 orationihus
1145 1163 1325 1240 inserendis,

218 1285 293 1342 qnae
322 1269 482 1327 continent
501 1267 715 1326 meditationes
741 1267 779 1325 de
799 1285 898 1327 rerum
919 1268 1091 1326 rationibus
1112 1266 1326 1342 hominumque

217 1370 370 1445 consiliis,
406 1370 650 1444 frequentissime
680 1370 836 1429 abstracta
874 1370 1015 1428 adhibuit
1045 1376 1076 1429 et
1106 1368 1265 1429 adiectiris
1296 1375 1328 1428 et

218 1473 420 1542 substantivis
452 1490 604 1550 expressa.
661 1474 762 1547 Quare
792 1473 960 1532 rectissime
990 1473 1146 1532 Lawsium
1176 1473 1327 1530 iudicasse

218 1578 304 1650 puto,
326 1575 378 1649 qui
397 1575 488 1634 dicit:
510 1577 684 1652 „abstracta
697 1594 755 1653 pro
777 1577 927 1635 concretis
942 1575 1092 1650 adhibuit,
1114 1575 1196 1650 quod
1218 1593 1328 1650 magua

218 1696 285 1736 cum
315 1678 478 1754 diligentia
511 1680 542 1737 in
573 1680 691 1738 litteras
719 1679 905 1738 Graecorum
933 1677 1074 1737 incubuit
1103 1679 1327 1755 praecipueque

219 1781 341 1840 dicendi
361 1800 457 1857 genus
479 1782 712 1859 Thucydidis
734 1780 870 1841 imitatus
891 1787 946 1857 est,
969 1798 1055 1855 quem
1077 1782 1135 1839 viri
1156 1780 1326 1840 doctissimi

219 1884 320 1960 ampla
340 1883 372 1941 vi
392 1890 521 1944 mentem
546 1905 564 1943 a
586 1885 716 1960 singulis
742 1885 781 1942 ad
809 1885 951 1942 universa
971 1883 1135 1942 revocandi
1156 1884 1329 1960 praeditum
1407 1867 1410 1872 Α

220 1986 313 2044 fuisse
334 1987 538 2046 iudicarunt.“
569 1987 704 2046 Delturii
726 1993 757 2046 et
778 1986 944 2063 Gerlachii,
966 1987 1018 2061 qui
1038 1987 1226 2060 frequentem
1248 1986 1330 2062 apud

221 2086 402 2146 Sallustium
436 2089 585 2164 pluralem
624 2091 847 2150 abstracturum
884 2091 916 2148 in
950 2090 1128 2149 archaismis
1162 2095 1332 2166 numerant,

220 2190 367 2248 refutavit
382 2189 558 2251 Schultzius
579 2210 609 2268 p.
622 2197 658 2252 77
680 2198 712 2252 et
730 2196 776 2252 78.
812 2193 952 2252 Ceterum
966 2193 1170 2252 confitendum
1190 2196 1246 2265 est,
1273 2191 1333 2250 hoc

104 2330 112 2339 -
221 2293 254 2349 in
276 2311 332 2351 usu
354 2294 578 2353 abstractorum
592 2295 669 2354 nihil
692 2295 833 2371 inveniri,
855 2297 936 2370 quod
957 2295 1139 2354 aSallustio
1154 2312 1208 2371 per
1229 2294 1333 2352 libidi-

222 2413 290 2454 nem
310 2402 457 2455 mutatum
483 2399 533 2457 vel
553 2417 572 2456 a
593 2398 717 2473 linguae
744 2399 858 2457 latinae
883 2399 1008 2473 iugenio
1029 2398 1161 2456 alienum
1182 2397 1332 2455 videatur.

221 2499 330 2570 Itaque
359 2497 419 2556 hcc
450 2501 644 2560 statuendum
674 2520 738 2561 esse
765 2508 852 2578 puto,
883 2500 1084 2574 frequentiam
1108 2488 1334 2558 abstractarum

222 2600 303 2675 apud
330 2601 538 2679 Thucydidem
563 2604 755 2678 aliquantum
781 2604 921 2663 attulisse
949 2602 988 2661 ad
1014 2602 1202 2676 frequentem
1227 2602 1335 2660 harum

222 2701 383 2761 notionum
402 2722 489 2764 usum
516 2707 598 2782 apud
621 2707 772 2784 Crispum,
802 2725 900 2782 neque
926 2722 999 2764 vero
1022 2723 1088 2763 eum
1115 2705 1219 2764 dedita
1239 2721 1336 2779 opera

224 2804 346 2880 singula
365 2807 517 2867 imitatum
543 2827 618 2870 esse.
666 2810 767 2884 Quare
794 2811 1001 2885 exemplorum
1027 2807 1253 2866 enumeratione
1280 2806 1334 2863 ab·

223 2909 397 2967 stineamus.
450 2911 651 2988 Gollegerunt
680 2913 885 2988 Sallustiana,
919 2911 1058 2970 Lawsius
1089 2916 1120 2969 et
1149 2909 1336 2984 Draegerus,

224 3010 421 3087 Thucydidea
441 3015 553 3090 Pcppo
575 3015 612 3090 (Ι,
636 3020 661 3091 1,
682 3036 710 3092 p.
724 3018 903 3090 aas-259).

302 3113 363 3173 Sed
384 3122 579 3192 revertamur,
600 3119 679 3176 unde
700 3119 823 3193 longius
844 3118 975 3192 digressi
997 3135 1109 3194 sumus,
1130 3117 1168 3176 ad
1191 3116 1336 3177 Genetivi

225 3234 318 3276 usum.
370 3217 490 3286 Restat,
523 3226 557 3277 ut
587 3220 636 3278 hic
665 3221 702 3279 de
734 3220 836 3279 multis
868 3220 931 3279 illis
963 3220 1122 3279 adiectivir
1151 3219 1336 3280 Genetivum

224 3320 418 3395 regentibus,
452 3339 529 3396 quae
560 3322 598 3381 ab
629 3323 754 3399 optimis
785 3321 987 3399 scriptoribus
1018 3341 1085 3381 cum
1115 3321 1252 3382 ablativo
1282 3322 1339 3378 aut

224 3420 295 3479 aliis
316 3423 436 3482 casibus
456 3425 695 3502 coniunguntur,
716 3444 813 3502 pauca
833 3405 940 3483 dicam.
975 3422 1121 3500 Iiegimus
1142 3426 1211 3498 Iug.
1233 3424 1279 3496 79,
1301 3424 1336 3481 6:

225 3523 294 3582 loca
314 3526 411 3585 nuda
431 3528 623 3603 gignentium
644 3533 690 3604 90,
719 3534 749 3588 1:
777 3545 848 3603 ager
876 3528 979 3585 aridus
1001 3533 1033 3586 et
1052 3527 1172 3603 frugum
1195 3542 1337 3584 vacuus

150 3689 151 3692 ,
227 3623 294 3686 Cat.
325 3630 352 3702 5,
382 3634 415 3687 4:
447 3632 493 3687 sui
519 3632 697 3706 profusus
725 3635 751 3706 7,
783 3635 814 3690 6:
845 3630 991 3705 pecuniae
1023 3629 1207 3687 liberales
1239 3633 1338 3689 eraut.

225 3726 297 3786 hist.
320 3734 345 3804 1,
379 3734 449 3792 106:
480 3733 659 3808 egregius
692 3734 830 3792 militiae.
851 3733 922 3791 hist.
952 3737 977 3807 1,
1006 3736 1072 3792 115:
1099 3733 1251 3792 libertatis
1282 3729 1341 3786 in·

227 3823 356 3892 suetus
377 3835 447 3895 hist.
464 3841 491 3913 2,
513 3840 564 3896 81:
587 3837 704 3895 servitii
726 3836 925 3896 insolitum
944 3834 1016 3892 hist.
1037 3841 1065 3911 4,
1086 3840 1138 3895 48;
1165 3834 1339 3892 insolens

226 3953 299 3994 vera
324 3939 497 4015 accipiundi
523 3940 595 4000 hist.
621 3943 648 4015 2,
679 3942 730 3999 91:
762 3939 881 4014 frugum
911 3939 1076 4014 pabulique
1104 3940 1229 3997 laetus
1253 3954 1339 4011 ager.

228 4038 318 4098 Hanc
339 4041 494 4103 licentiam
515 4044 611 4119 magis
632 4044 734 4120 poetis
756 4048 930 4100 consuetam
951 4060 1026 4116 esse,
1048 4046 1082 4102 ut
1102 4043 1147 4100 ait
1166 4039 1340 4099 Badstucb-

229 4159 328 4222 uerus,
361 4150 392 4203 et
416 4143 573 4205 historicis
595 4146 665 4205 inde
697 4165 715 4204 a
740 4144 888 4204 Sallustio
920 4145 1037 4209 demum
1070 4145 1213 4202 usitatam
1244 4142 1340 4202 fuisse
