<?xml version="1.0" encoding="UTF-8"?>
<!DOCTYPE html PUBLIC "-//W3C//DTD XHTML 1.0 Transitional//EN"
    "http://www.w3.org/TR/xhtml1/DTD/xhtml1-transitional.dtd">
<html xmlns="http://www.w3.org/1999/xhtml" xml:lang="en" lang="en">
 <head>
  <title>
</title>
<meta http-equiv="Content-Type" content="text/html;charset=utf-8" />
  <meta name='ocr-system' content='tesseract 3.04.00' />
  <meta name='ocr-capabilities' content='ocr_page ocr_carea ocr_par ocr_line ocrx_word'/>
</head>
<body>
  <div class='ocr_page' id='page_1' title='image "./sallustiusincon00robogoog_0017.png"; bbox 0 0 2894 4704; ppageno 0'>
   <div class='ocr_carea' id='block_1_1' title="bbox 613 390 822 450">
    <p class='ocr_par' dir='ltr' id='par_1_1' title="bbox 613 390 822 450">
     <span class='ocr_line' id='line_1_1' title="bbox 613 390 822 450; baseline 0.005 -17"><span class='ocrx_word' id='word_1_1' title='bbox 613 390 822 450; x_wconf 63' lang='lat'><strong>„10-</strong></span> 
     </span>
    </p>
   </div>
   <div class='ocr_carea' id='block_1_2' title="bbox 133 572 1280 4244">
    <p class='ocr_par' dir='ltr' id='par_1_2' title="bbox 133 572 1275 1474">
     <span class='ocr_line' id='line_1_2' title="bbox 169 572 1275 649; baseline 0.001 -19"><span class='ocrx_word' id='word_1_2' title='bbox 169 573 306 647; x_wconf 87' lang='lat' dir='ltr'><strong>quamvis</strong></span> <span class='ocrx_word' id='word_1_3' title='bbox 328 591 365 631; x_wconf 92' lang='lat' dir='ltr'><strong>ex</strong></span> <span class='ocrx_word' id='word_1_4' title='bbox 387 573 494 648; x_wconf 90' lang='lat' dir='ltr'><strong>quovis</strong></span> <span class='ocrx_word' id='word_1_5' title='bbox 515 573 577 632; x_wconf 91' lang='lat' dir='ltr'><strong>alio</strong></span> <span class='ocrx_word' id='word_1_6' title='bbox 606 572 755 648; x_wconf 82' lang='lat' dir='ltr'>scriptore</span> <span class='ocrx_word' id='word_1_7' title='bbox 777 572 895 633; x_wconf 85' lang='lat' dir='ltr'><strong>Graeco</strong></span> <span class='ocrx_word' id='word_1_8' title='bbox 922 578 1013 648; x_wconf 88' lang='lat' dir='ltr'><strong>atque</strong></span> <span class='ocrx_word' id='word_1_9' title='bbox 1039 591 1075 632; x_wconf 90' lang='lat' dir='ltr'><strong>ex</strong></span> <span class='ocrx_word' id='word_1_10' title='bbox 1097 572 1275 649; x_wconf 82' lang='lat' dir='ltr'>Thucydide</span> 
     </span>
     <span class='ocr_line' id='line_1_3' title="bbox 133 674 1275 752; baseline -0.003 -18"><span class='ocrx_word' id='word_1_11' title='bbox 133 715 135 718; x_wconf 93' lang='lat'>-</span> <span class='ocrx_word' id='word_1_12' title='bbox 166 679 269 752; x_wconf 88' lang='lat' dir='ltr'><strong>petere</strong></span> <span class='ocrx_word' id='word_1_13' title='bbox 297 694 360 734; x_wconf 87' lang='lat' dir='ltr'><strong>eam</strong></span> <span class='ocrx_word' id='word_1_14' title='bbox 388 674 537 736; x_wconf 72' lang='lat' dir='ltr'>Sallustio</span> <span class='ocrx_word' id='word_1_15' title='bbox 565 676 694 734; x_wconf 80' lang='lat' dir='ltr'><strong>licuerit.</strong></span> <span class='ocrx_word' id='word_1_16' title='bbox 744 675 867 735; x_wconf 88' lang='lat' dir='ltr'><strong>Laudat</strong></span> <span class='ocrx_word' id='word_1_17' title='bbox 898 683 997 736; x_wconf 90' lang='lat' dir='ltr'><strong>autem</strong></span> <span class='ocrx_word' id='word_1_18' title='bbox 1024 677 1275 735; x_wconf 88' lang='lat' dir='ltr'><strong>Badstuebnerus</strong></span> 
     </span>
     <span class='ocr_line' id='line_1_4' title="bbox 165 779 1275 856; baseline -0.003 -19"><span class='ocrx_word' id='word_1_19' title='bbox 165 779 222 837; x_wconf 89' lang='lat' dir='ltr'><strong>lros</strong></span> <span class='ocrx_word' id='word_1_20' title='bbox 243 779 343 838; x_wconf 88' lang='lat' dir='ltr'><strong>locos:</strong></span> <span class='ocrx_word' id='word_1_21' title='bbox 371 779 438 854; x_wconf 87' lang='lat' dir='ltr'><strong>Iug.</strong></span> <span class='ocrx_word' id='word_1_22' title='bbox 462 781 505 855; x_wconf 78' lang='lat'><strong>75,</strong></span> <span class='ocrx_word' id='word_1_23' title='bbox 527 783 557 839; x_wconf 87' lang='lat'><strong>6:</strong></span> <span class='ocrx_word' id='word_1_24' title='bbox 584 797 621 837; x_wconf 87' lang='lat' dir='ltr'><strong>ex</strong></span> <span class='ocrx_word' id='word_1_25' title='bbox 647 779 777 855; x_wconf 86' lang='lat' dir='ltr'><strong>flumine,</strong></span> <span class='ocrx_word' id='word_1_26' title='bbox 805 798 893 855; x_wconf 90' lang='lat' dir='ltr'><strong>quam</strong></span> <span class='ocrx_word' id='word_1_27' title='bbox 918 780 1087 856; x_wconf 75' lang='lat' dir='ltr'><strong>proximam</strong></span> <span class='ocrx_word' id='word_1_28' title='bbox 1107 793 1275 851; x_wconf 89' lang='lat' dir='ltr'><strong>-aquam</strong></span> 
     </span>
     <span class='ocr_line' id='line_1_5' title="bbox 165 879 1275 957; baseline -0.002 -18"><span class='ocrx_word' id='word_1_29' title='bbox 165 899 230 939; x_wconf 87' lang='lat' dir='ltr'><strong>csse</strong></span> <span class='ocrx_word' id='word_1_30' title='bbox 252 899 344 957; x_wconf 89' lang='lat' dir='ltr'><strong>supra</strong></span> <span class='ocrx_word' id='word_1_31' title='bbox 364 881 495 940; x_wconf 85' lang='lat' dir='ltr'><strong>diximus</strong></span> <span class='ocrx_word' id='word_1_32' title='bbox 518 885 563 956; x_wconf 86' lang='lat'><strong>18,</strong></span> <span class='ocrx_word' id='word_1_33' title='bbox 585 886 635 941; x_wconf 92' lang='lat'><strong>11:</strong></span> <span class='ocrx_word' id='word_1_34' title='bbox 663 900 720 956; x_wconf 89' lang='lat' dir='ltr'><strong>„ea</strong></span> <span class='ocrx_word' id='word_1_35' title='bbox 741 883 818 955; x_wconf 90' lang='lat' dir='ltr'><strong>loca,</strong></span> <span class='ocrx_word' id='word_1_36' title='bbox 840 899 915 957; x_wconf 89' lang='lat' dir='ltr'><strong>quac</strong></span> <span class='ocrx_word' id='word_1_37' title='bbox 936 913 973 924; x_wconf 91' lang='lat'>-</span> <span class='ocrx_word' id='word_1_38' title='bbox 993 880 1140 939; x_wconf 78' lang='lat' dir='ltr'><strong>Numidia</strong></span> <span class='ocrx_word' id='word_1_39' title='bbox 1160 879 1275 955; x_wconf 89' lang='lat' dir='ltr'><strong>a&#39;pella·</strong></span> 
     </span>
     <span class='ocr_line' id='line_1_6' title="bbox 166 980 1275 1059; baseline -0.003 -18"><span class='ocrx_word' id='word_1_40' title='bbox 166 985 246 1041; x_wconf 86' lang='lat' dir='ltr'><strong>tur“.</strong></span> <span class='ocrx_word' id='word_1_41' title='bbox 285 983 345 1042; x_wconf 88' lang='lat' dir='ltr'><strong>Sed</strong></span> <span class='ocrx_word' id='word_1_42' title='bbox 366 983 397 1040; x_wconf 89' lang='lat' dir='ltr'><strong>in</strong></span> <span class='ocrx_word' id='word_1_43' title='bbox 411 980 484 1040; x_wconf 76' lang='lat' dir='ltr'><strong>&#39;aliis</strong></span> <span class='ocrx_word' id='word_1_44' title='bbox 500 1001 618 1059; x_wconf 90' lang='lat' dir='ltr'><strong>quoque</strong></span> <span class='ocrx_word' id='word_1_45' title='bbox 635 985 867 1059; x_wconf 86' lang='lat' dir='ltr'><strong>pronominibus</strong></span> <span class='ocrx_word' id='word_1_46' title='bbox 884 983 1048 1042; x_wconf 80' lang='lat' dir='ltr'><strong>Sallustius</strong></span> <span class='ocrx_word' id='word_1_47' title='bbox 1068 982 1167 1040; x_wconf 87' lang='lat' dir='ltr'><strong>utitur</strong></span> <span class='ocrx_word' id='word_1_48' title='bbox 1181 980 1275 1039; x_wconf 81' lang='lat' dir='ltr'><strong>Grae·</strong></span> 
     </span>
     <span class='ocr_line' id='line_1_7' title="bbox 166 1084 1274 1161; baseline -0.004 -17"><span class='ocrx_word' id='word_1_49' title='bbox 166 1103 269 1144; x_wconf 90' lang='lat' dir='ltr'><strong>corum</strong></span> <span class='ocrx_word' id='word_1_50' title='bbox 290 1104 378 1145; x_wconf 86' lang='lat' dir='ltr'><strong>more</strong></span> <span class='ocrx_word' id='word_1_51' title='bbox 404 1085 577 1144; x_wconf 88' lang='lat' dir='ltr'><strong>attrahendi</strong></span> <span class='ocrx_word' id='word_1_52' title='bbox 605 1087 796 1161; x_wconf 89' lang='lat' dir='ltr'><strong>pronominis</strong></span> <span class='ocrx_word' id='word_1_53' title='bbox 823 1088 861 1145; x_wconf 92' lang='lat' dir='ltr'><strong>ad</strong></span> <span class='ocrx_word' id='word_1_54' title='bbox 887 1087 1080 1145; x_wconf 87' lang='lat' dir='ltr'><strong>substantiva</strong></span> <span class='ocrx_word' id='word_1_55' title='bbox 1106 1084 1274 1158; x_wconf 89' lang='lat' dir='ltr'><strong>sequentia,</strong></span> 
     </span>
     <span class='ocr_line' id='line_1_8' title="bbox 166 1188 1273 1263; baseline -0.002 -18"><span class='ocrx_word' id='word_1_56' title='bbox 166 1195 200 1246; x_wconf 92' lang='lat' dir='ltr'><strong>ut</strong></span> <span class='ocrx_word' id='word_1_57' title='bbox 222 1189 289 1249; x_wconf 79' lang='lat' dir='ltr'><strong>Cat.</strong></span> <span class='ocrx_word' id='word_1_58' title='bbox 311 1194 339 1263; x_wconf 81' lang='lat'><strong>7,</strong></span> <span class='ocrx_word' id='word_1_59' title='bbox 360 1193 390 1248; x_wconf 88' lang='lat'><strong>6:</strong></span> <span class='ocrx_word' id='word_1_60' title='bbox 412 1205 463 1246; x_wconf 88' lang='lat' dir='ltr'><strong>eas</strong></span> <span class='ocrx_word' id='word_1_61' title='bbox 483 1188 619 1263; x_wconf 88' lang='lat' dir='ltr'><strong>diuitias,</strong></span> <span class='ocrx_word' id='word_1_62' title='bbox 640 1207 705 1247; x_wconf 92' lang='lat' dir='ltr'><strong>eam</strong></span> <span class='ocrx_word' id='word_1_63' title='bbox 726 1191 836 1248; x_wconf 90' lang='lat' dir='ltr'><strong>bonam</strong></span> <span class='ocrx_word' id='word_1_64' title='bbox 856 1190 976 1262; x_wconf 82' lang='lat' dir='ltr'><strong>famam,</strong></span> <span class='ocrx_word' id='word_1_65' title='bbox 1000 1204 1198 1263; x_wconf 77' lang='lat' dir='ltr'><strong>magnamque</strong></span> <span class='ocrx_word' id='word_1_66' title='bbox 1219 1204 1273 1243; x_wconf 90' lang='lat' dir='ltr'><strong>no·</strong></span> 
     </span>
     <span class='ocr_line' id='line_1_9' title="bbox 165 1284 1273 1366; baseline -0.004 -17"><span class='ocrx_word' id='word_1_67' title='bbox 165 1292 317 1350; x_wconf 91' lang='lat' dir='ltr'><strong>bilitatem</strong></span> <span class='ocrx_word' id='word_1_68' title='bbox 337 1291 491 1366; x_wconf 88' lang='lat' dir='ltr'><strong>putabant</strong></span> <span class='ocrx_word' id='word_1_69' title='bbox 508 1293 554 1365; x_wconf 76' lang='lat'><strong>20,</strong></span> <span class='ocrx_word' id='word_1_70' title='bbox 576 1295 609 1350; x_wconf 83' lang='lat'><strong>4:</strong></span> <span class='ocrx_word' id='word_1_71' title='bbox 636 1291 715 1349; x_wconf 90' lang='lat' dir='ltr'><strong>idem</strong></span> <span class='ocrx_word' id='word_1_72' title='bbox 735 1292 814 1351; x_wconf 84' lang='lat' dir='ltr'><strong>velle</strong></span> <span class='ocrx_word' id='word_1_73' title='bbox 835 1284 927 1365; x_wconf 84' lang='lat' dir='ltr'><strong>atque</strong></span> <span class='ocrx_word' id='word_1_74' title='bbox 947 1292 1026 1349; x_wconf 87' lang='lat' dir='ltr'><strong>idern</strong></span> <span class='ocrx_word' id='word_1_75' title='bbox 1046 1290 1139 1364; x_wconf 90' lang='lat' dir='ltr'><strong>nolle,</strong></span> <span class='ocrx_word' id='word_1_76' title='bbox 1163 1307 1203 1346; x_wconf 90' lang='lat' dir='ltr'><strong>ea</strong></span> <span class='ocrx_word' id='word_1_77' title='bbox 1223 1289 1273 1346; x_wconf 90' lang='lat' dir='ltr'><strong>de-</strong></span> 
     </span>
     <span class='ocr_line' id='line_1_10' title="bbox 165 1374 1189 1474; baseline 0 -22"><span class='ocrx_word' id='word_1_78' title='bbox 165 1413 244 1453; x_wconf 88' lang='lat' dir='ltr'><strong>mum</strong></span> <span class='ocrx_word' id='word_1_79' title='bbox 264 1395 348 1452; x_wconf 87' lang='lat' dir='ltr'><strong>firma</strong></span> <span class='ocrx_word' id='word_1_80' title='bbox 368 1393 501 1451; x_wconf 87' lang='lat' dir='ltr'><strong>amicitia</strong></span> <span class='ocrx_word' id='word_1_81' title='bbox 521 1395 569 1451; x_wconf 87' lang='lat' dir='ltr'><strong>est</strong></span> <span class='ocrx_word' id='word_1_82' title='bbox 588 1392 623 1451; x_wconf 89' lang='lat' dir='ltr'><strong>cf.</strong></span> <span class='ocrx_word' id='word_1_83' title='bbox 648 1392 707 1452; x_wconf 78' lang='lat' dir='ltr'><strong>ear</strong></span> <span class='ocrx_word' id='word_1_84' title='bbox 738 1395 783 1468; x_wconf 90' lang='lat'><strong>51,</strong></span> <span class='ocrx_word' id='word_1_85' title='bbox 806 1395 848 1453; x_wconf 82' lang='lat'><strong>14.</strong></span> <span class='ocrx_word' id='word_1_86' title='bbox 1122 1463 1126 1474; x_wconf 91' lang='lat'>.</span> <span class='ocrx_word' id='word_1_87' title='bbox 1188 1374 1189 1378; x_wconf 7' lang='grc' dir='ltr'><strong>Ἰ</strong></span> 
     </span>
    </p>

    <p class='ocr_par' dir='ltr' id='par_1_3' title="bbox 162 1493 1280 2596">
     <span class='ocr_line' id='line_1_11' title="bbox 241 1493 1272 1570; baseline 0 -18"><span class='ocrx_word' id='word_1_88' title='bbox 241 1493 350 1568; x_wconf 84' lang='lat' dir='ltr'><strong>Neque</strong></span> <span class='ocrx_word' id='word_1_89' title='bbox 370 1513 442 1554; x_wconf 85' lang='lat' dir='ltr'><strong>vero</strong></span> <span class='ocrx_word' id='word_1_90' title='bbox 469 1496 549 1554; x_wconf 92' lang='lat' dir='ltr'><strong>hunc</strong></span> <span class='ocrx_word' id='word_1_91' title='bbox 573 1496 788 1570; x_wconf 90' lang='lat' dir='ltr'><strong>pronominum</strong></span> <span class='ocrx_word' id='word_1_92' title='bbox 814 1514 900 1554; x_wconf 90' lang='lat' dir='ltr'><strong>usum</strong></span> <span class='ocrx_word' id='word_1_93' title='bbox 921 1495 1062 1554; x_wconf 83' lang='lat' dir='ltr'><strong>Sallustii</strong></span> <span class='ocrx_word' id='word_1_94' title='bbox 1088 1494 1272 1570; x_wconf 78' lang='lat' dir='ltr'><strong>peculiarem</strong></span> 
     </span>
     <span class='ocr_line' id='line_1_12' title="bbox 165 1597 1272 1674; baseline -0.002 -19"><span class='ocrx_word' id='word_1_95' title='bbox 165 1615 229 1656; x_wconf 87' lang='lat' dir='ltr'><strong>csse</strong></span> <span class='ocrx_word' id='word_1_96' title='bbox 251 1599 469 1673; x_wconf 82' lang='lat' dir='ltr'><strong>contenderim,</strong></span> <span class='ocrx_word' id='word_1_97' title='bbox 489 1617 555 1657; x_wconf 92' lang='lat' dir='ltr'><strong>cum</strong></span> <span class='ocrx_word' id='word_1_98' title='bbox 576 1599 651 1657; x_wconf 88' lang='lat' dir='ltr'><strong>talia</strong></span> <span class='ocrx_word' id='word_1_99' title='bbox 671 1599 752 1674; x_wconf 88' lang='lat' dir='ltr'><strong>apud</strong></span> <span class='ocrx_word' id='word_1_100' title='bbox 774 1615 877 1656; x_wconf 90' lang='lat' dir='ltr'><strong>omnes</strong></span> <span class='ocrx_word' id='word_1_101' title='bbox 897 1598 958 1657; x_wconf 87' lang='lat' dir='ltr'><strong>lere</strong></span> <span class='ocrx_word' id='word_1_102' title='bbox 981 1598 1145 1673; x_wconf 88' lang='lat' dir='ltr'><strong>scriptores</strong></span> <span class='ocrx_word' id='word_1_103' title='bbox 1161 1597 1272 1654; x_wconf 85' lang='lat' dir='ltr'><strong>aetatis</strong></span> 
     </span>
     <span class='ocr_line' id='line_1_13' title="bbox 165 1698 1272 1776; baseline -0.001 -20"><span class='ocrx_word' id='word_1_104' title='bbox 165 1699 229 1757; x_wconf 86' lang='lat' dir='ltr'><strong>ciue</strong></span> <span class='ocrx_word' id='word_1_105' title='bbox 250 1698 453 1776; x_wconf 88' lang='lat' dir='ltr'><strong>inveniantur,</strong></span> <span class='ocrx_word' id='word_1_106' title='bbox 480 1701 532 1759; x_wconf 90' lang='lat' dir='ltr'><strong>sed</strong></span> <span class='ocrx_word' id='word_1_107' title='bbox 558 1701 639 1775; x_wconf 91' lang='lat' dir='ltr'><strong>quod</strong></span> <span class='ocrx_word' id='word_1_108' title='bbox 668 1718 757 1776; x_wconf 85' lang='lat' dir='ltr'><strong>saepe</strong></span> <span class='ocrx_word' id='word_1_109' title='bbox 784 1701 815 1757; x_wconf 95' lang='lat' dir='ltr'><strong>in</strong></span> <span class='ocrx_word' id='word_1_110' title='bbox 840 1701 896 1759; x_wconf 89' lang='lat' dir='ltr'><strong>hac</strong></span> <span class='ocrx_word' id='word_1_111' title='bbox 917 1701 1094 1774; x_wconf 85' lang='lat' dir='ltr'><strong>quaestione</strong></span> <span class='ocrx_word' id='word_1_112' title='bbox 1116 1699 1205 1757; x_wconf 88' lang='lat' dir='ltr'><strong>nobis</strong></span> <span class='ocrx_word' id='word_1_113' title='bbox 1227 1699 1272 1756; x_wconf 91' lang='lat' dir='ltr'><strong>di·</strong></span> 
     </span>
     <span class='ocr_line' id='line_1_14' title="bbox 165 1801 1271 1878; baseline -0.001 -19"><span class='ocrx_word' id='word_1_114' title='bbox 165 1802 292 1860; x_wconf 89' lang='lat' dir='ltr'><strong>cendum</strong></span> <span class='ocrx_word' id='word_1_115' title='bbox 312 1802 380 1877; x_wconf 90' lang='lat' dir='ltr'><strong>erit,</strong></span> <span class='ocrx_word' id='word_1_116' title='bbox 401 1803 449 1861; x_wconf 92' lang='lat' dir='ltr'><strong>hic</strong></span> <span class='ocrx_word' id='word_1_117' title='bbox 469 1819 589 1876; x_wconf 91' lang='lat' dir='ltr'><strong>quoque</strong></span> <span class='ocrx_word' id='word_1_118' title='bbox 603 1803 740 1878; x_wconf 85' lang='lat' dir='ltr'><strong>dixerim,</strong></span> <span class='ocrx_word' id='word_1_119' title='bbox 760 1821 798 1861; x_wconf 89' lang='lat' dir='ltr'><strong>ex</strong></span> <span class='ocrx_word' id='word_1_120' title='bbox 818 1820 865 1876; x_wconf 90' lang='lat' dir='ltr'><strong>eo,</strong></span> <span class='ocrx_word' id='word_1_121' title='bbox 888 1803 969 1876; x_wconf 91' lang='lat' dir='ltr'><strong>quod</strong></span> <span class='ocrx_word' id='word_1_122' title='bbox 986 1801 1150 1861; x_wconf 84' lang='lat' dir='ltr'><strong>Sallustius</strong></span> <span class='ocrx_word' id='word_1_123' title='bbox 1169 1819 1271 1859; x_wconf 88' lang='lat' dir='ltr'><strong>aman·</strong></span> 
     </span>
     <span class='ocr_line' id='line_1_15' title="bbox 165 1903 1280 1981; baseline 0 -19"><span class='ocrx_word' id='word_1_124' title='bbox 165 1903 227 1963; x_wconf 87' lang='lat' dir='ltr'><strong>tior</strong></span> <span class='ocrx_word' id='word_1_125' title='bbox 253 1922 342 1979; x_wconf 88' lang='lat' dir='ltr'><strong>quarn</strong></span> <span class='ocrx_word' id='word_1_126' title='bbox 367 1904 420 1962; x_wconf 91' lang='lat' dir='ltr'><strong>alii</strong></span> <span class='ocrx_word' id='word_1_127' title='bbox 446 1906 552 1963; x_wconf 90' lang='lat' dir='ltr'><strong>talium</strong></span> <span class='ocrx_word' id='word_1_128' title='bbox 573 1906 835 1964; x_wconf 86' lang='lat' dir='ltr'><strong>constructionum</strong></span> <span class='ocrx_word' id='word_1_129' title='bbox 856 1906 959 1978; x_wconf 87' lang='lat' dir='ltr'><strong>fucrit,</strong></span> <span class='ocrx_word' id='word_1_130' title='bbox 986 1904 1084 1963; x_wconf 90' lang='lat' dir='ltr'><strong>conici</strong></span> <span class='ocrx_word' id='word_1_131' title='bbox 1105 1923 1205 1981; x_wconf 11' lang='lat' dir='ltr'><strong>prosse,</strong></span> <span class='ocrx_word' id='word_1_132' title='bbox 1232 1922 1280 1962; x_wconf 89' lang='lat' dir='ltr'><strong>ex·</strong></span> 
     </span>
     <span class='ocr_line' id='line_1_16' title="bbox 165 2005 1271 2084; baseline -0.001 -19"><span class='ocrx_word' id='word_1_133' title='bbox 165 2005 350 2066; x_wconf 81' lang='lat' dir='ltr'><strong>Graecorum</strong></span> <span class='ocrx_word' id='word_1_134' title='bbox 371 2008 474 2067; x_wconf 90' lang='lat' dir='ltr'><strong>studio</strong></span> <span class='ocrx_word' id='word_1_135' title='bbox 495 2008 549 2066; x_wconf 92' lang='lat' dir='ltr'><strong>has</strong></span> <span class='ocrx_word' id='word_1_136' title='bbox 570 2027 636 2066; x_wconf 90' lang='lat' dir='ltr'><strong>eum</strong></span> <span class='ocrx_word' id='word_1_137' title='bbox 658 2009 812 2084; x_wconf 82' lang='lat' dir='ltr'><strong>petivisse.</strong></span> <span class='ocrx_word' id='word_1_138' title='bbox 846 2008 925 2068; x_wconf 90' lang='lat' dir='ltr'><strong>Nam</strong></span> <span class='ocrx_word' id='word_1_139' title='bbox 946 2026 1008 2068; x_wconf 90' lang='lat' dir='ltr'><strong>non</strong></span> <span class='ocrx_word' id='word_1_140' title='bbox 1030 2025 1110 2082; x_wconf 90' lang='lat' dir='ltr'><strong>casu,</strong></span> <span class='ocrx_word' id='word_1_141' title='bbox 1132 2009 1184 2066; x_wconf 90' lang='lat' dir='ltr'><strong>sed</strong></span> <span class='ocrx_word' id='word_1_142' title='bbox 1199 2025 1271 2066; x_wconf 88' lang='lat' dir='ltr'><strong>oon-</strong></span> 
     </span>
     <span class='ocr_line' id='line_1_17' title="bbox 165 2109 1272 2187; baseline -0.002 -19"><span class='ocrx_word' id='word_1_143' title='bbox 165 2111 245 2169; x_wconf 89' lang='lat' dir='ltr'><strong>sulto</strong></span> <span class='ocrx_word' id='word_1_144' title='bbox 273 2111 451 2185; x_wconf 89' lang='lat' dir='ltr'><strong>scriptorem</strong></span> <span class='ocrx_word' id='word_1_145' title='bbox 476 2109 521 2168; x_wconf 91' lang='lat' dir='ltr'><strong>his</strong></span> <span class='ocrx_word' id='word_1_146' title='bbox 548 2112 709 2170; x_wconf 89' lang='lat' dir='ltr'><strong>structuris</strong></span> <span class='ocrx_word' id='word_1_147' title='bbox 735 2130 820 2169; x_wconf 90' lang='lat' dir='ltr'><strong>usum</strong></span> <span class='ocrx_word' id='word_1_148' title='bbox 847 2129 921 2187; x_wconf 88' lang='lat' dir='ltr'><strong>esse,</strong></span> <span class='ocrx_word' id='word_1_149' title='bbox 954 2112 1011 2169; x_wconf 91' lang='lat' dir='ltr'><strong>iarn</strong></span> <span class='ocrx_word' id='word_1_150' title='bbox 1039 2111 1176 2170; x_wconf 81' lang='lat' dir='ltr'><strong>Gortiius</strong></span> <span class='ocrx_word' id='word_1_151' title='bbox 1206 2110 1272 2167; x_wconf 92' lang='lat' dir='ltr'><strong>ani-</strong></span> 
     </span>
     <span class='ocr_line' id='line_1_18' title="bbox 165 2207 1272 2296; baseline -0.002 -25"><span class='ocrx_word' id='word_1_152' title='bbox 165 2207 361 2271; x_wconf 79' lang='lat' dir='ltr'><strong>madvertisse</strong></span> <span class='ocrx_word' id='word_1_153' title='bbox 383 2212 514 2296; x_wconf 81' lang='lat' dir='ltr'><strong>videtur,</strong></span> <span class='ocrx_word' id='word_1_154' title='bbox 540 2214 592 2286; x_wconf 86' lang='lat' dir='ltr'><strong>qui</strong></span> <span class='ocrx_word' id='word_1_155' title='bbox 618 2215 656 2272; x_wconf 90' lang='lat' dir='ltr'><strong>ad</strong></span> <span class='ocrx_word' id='word_1_156' title='bbox 677 2215 777 2273; x_wconf 90' lang='lat' dir='ltr'><strong>locum</strong></span> <span class='ocrx_word' id='word_1_157' title='bbox 800 2232 894 2289; x_wconf 87' lang='lat' dir='ltr'><strong>supra</strong></span> <span class='ocrx_word' id='word_1_158' title='bbox 914 2213 1070 2272; x_wconf 89' lang='lat' dir='ltr'><strong>laudatum</strong></span> <span class='ocrx_word' id='word_1_159' title='bbox 1092 2212 1220 2289; x_wconf 88' lang='lat' dir='ltr'><strong>exponit</strong></span> <span class='ocrx_word' id='word_1_160' title='bbox 1240 2213 1272 2269; x_wconf 92' lang='lat' dir='ltr'><strong>in</strong></span> 
     </span>
     <span class='ocr_line' id='line_1_19' title="bbox 164 2314 1272 2391; baseline 0.001 -18"><span class='ocrx_word' id='word_1_161' title='bbox 164 2315 264 2373; x_wconf 89' lang='lat' dir='ltr'><strong>verbis</strong></span> <span class='ocrx_word' id='word_1_162' title='bbox 278 2315 341 2373; x_wconf 91' lang='lat' dir='ltr'><strong>illis</strong></span> <span class='ocrx_word' id='word_1_163' title='bbox 356 2333 426 2389; x_wconf 88' lang='lat' dir='ltr'><strong>„cas</strong></span> <span class='ocrx_word' id='word_1_164' title='bbox 441 2316 574 2384; x_wconf 86' lang='lat' dir='ltr'><strong>divitias,</strong></span> <span class='ocrx_word' id='word_1_165' title='bbox 595 2334 660 2374; x_wconf 87' lang='lat' dir='ltr'><strong>cam</strong></span> <span class='ocrx_word' id='word_1_166' title='bbox 680 2317 807 2375; x_wconf 85' lang='lat' dir='ltr'><strong>famam“</strong></span> <span class='ocrx_word' id='word_1_167' title='bbox 822 2323 878 2376; x_wconf 88' lang='lat' dir='ltr'><strong>etc.</strong></span> <span class='ocrx_word' id='word_1_168' title='bbox 899 2316 1036 2391; x_wconf 86' lang='lat' dir='ltr'><strong>conspici</strong></span> <span class='ocrx_word' id='word_1_169' title='bbox 1051 2314 1272 2375; x_wconf 87' lang='lat' dir='ltr'><strong>Sallustianum</strong></span> 
     </span>
     <span class='ocr_line' id='line_1_20' title="bbox 163 2410 1273 2494; baseline 0.004 -21"><span class='ocrx_word' id='word_1_170' title='bbox 163 2416 240 2475; x_wconf 92' lang='lat' dir='ltr'><strong>illud</strong></span> <span class='ocrx_word' id='word_1_171' title='bbox 266 2419 420 2482; x_wconf 89' lang='lat' dir='ltr'><strong>concisum</strong></span> <span class='ocrx_word' id='word_1_172' title='bbox 445 2435 541 2492; x_wconf 86' lang='lat' dir='ltr'><strong>genus</strong></span> <span class='ocrx_word' id='word_1_173' title='bbox 569 2418 699 2477; x_wconf 89' lang='lat' dir='ltr'><strong>dicendi.</strong></span> <span class='ocrx_word' id='word_1_174' title='bbox 739 2419 827 2477; x_wconf 50' lang='lat' dir='ltr'><strong>Nam¹</strong></span> <span class='ocrx_word' id='word_1_175' title='bbox 845 2419 919 2477; x_wconf 87' lang='lat' dir='ltr'><strong>haee</strong></span> <span class='ocrx_word' id='word_1_176' title='bbox 945 2414 1027 2475; x_wconf 84' lang='lat' dir='ltr'><strong>dicta</strong></span> <span class='ocrx_word' id='word_1_177' title='bbox 1056 2434 1120 2476; x_wconf 86' lang='lat' dir='ltr'><strong>esse</strong></span> <span class='ocrx_word' id='word_1_178' title='bbox 1142 2410 1273 2494; x_wconf 88' lang='lat' dir='ltr'><strong>apparet</strong></span> 
     </span>
     <span class='ocr_line' id='line_1_21' title="bbox 162 2521 1182 2596; baseline 0.003 -19"><span class='ocrx_word' id='word_1_179' title='bbox 162 2537 219 2594; x_wconf 88' lang='lat' dir='ltr'><strong>pro</strong></span> <span class='ocrx_word' id='word_1_180' title='bbox 240 2538 320 2595; x_wconf 69' lang='lat' dir='ltr'><strong>„aaa</strong></span> <span class='ocrx_word' id='word_1_181' title='bbox 342 2537 416 2594; x_wconf 82' lang='lat' dir='ltr'><strong>quas</strong></span> <span class='ocrx_word' id='word_1_182' title='bbox 438 2521 610 2594; x_wconf 89' lang='lat' dir='ltr'><strong>memoravi,</strong></span> <span class='ocrx_word' id='word_1_183' title='bbox 634 2537 681 2578; x_wconf 85' lang='lat' dir='ltr'><strong>res</strong></span> <span class='ocrx_word' id='word_1_184' title='bbox 702 2523 855 2596; x_wconf 91' lang='lat' dir='ltr'><strong>putabant</strong></span> <span class='ocrx_word' id='word_1_185' title='bbox 875 2539 939 2580; x_wconf 88' lang='lat' dir='ltr'><strong>esse</strong></span> <span class='ocrx_word' id='word_1_186' title='bbox 959 2522 1104 2579; x_wconf 86' lang='lat' dir='ltr'><strong>divitias“</strong></span> <span class='ocrx_word' id='word_1_187' title='bbox 1125 2526 1182 2580; x_wconf 92' lang='lat' dir='ltr'><strong>etc.</strong></span> 
     </span>
    </p>

    <p class='ocr_par' dir='ltr' id='par_1_4' title="bbox 162 2622 1272 4244">
     <span class='ocr_line' id='line_1_22' title="bbox 239 2622 1269 2700; baseline 0.002 -21"><span class='ocrx_word' id='word_1_188' title='bbox 239 2622 286 2681; x_wconf 88' lang='lat' dir='ltr'><strong>Dc</strong></span> <span class='ocrx_word' id='word_1_189' title='bbox 316 2623 443 2696; x_wconf 90' lang='lat' dir='ltr'><strong>reliquis</strong></span> <span class='ocrx_word' id='word_1_190' title='bbox 469 2623 712 2698; x_wconf 89' lang='lat' dir='ltr'><strong>pronominibus,</strong></span> <span class='ocrx_word' id='word_1_191' title='bbox 744 2641 820 2697; x_wconf 91' lang='lat' dir='ltr'><strong>quae</strong></span> <span class='ocrx_word' id='word_1_192' title='bbox 851 2625 890 2682; x_wconf 92' lang='lat' dir='ltr'><strong>ad</strong></span> <span class='ocrx_word' id='word_1_193' title='bbox 916 2642 1058 2700; x_wconf 91' lang='lat' dir='ltr'><strong>syneseos</strong></span> <span class='ocrx_word' id='word_1_194' title='bbox 1089 2642 1175 2681; x_wconf 91' lang='lat' dir='ltr'><strong>usum</strong></span> <span class='ocrx_word' id='word_1_195' title='bbox 1201 2642 1269 2698; x_wconf 89' lang='lat' dir='ltr'><strong>pcr-</strong></span> 
     </span>
     <span class='ocr_line' id='line_1_23' title="bbox 164 2724 1269 2802; baseline -0.001 -18"><span class='ocrx_word' id='word_1_196' title='bbox 164 2727 271 2801; x_wconf 91' lang='lat' dir='ltr'><strong>tinent,</strong></span> <span class='ocrx_word' id='word_1_197' title='bbox 293 2724 370 2784; x_wconf 89' lang='lat' dir='ltr'><strong>nihil</strong></span> <span class='ocrx_word' id='word_1_198' title='bbox 384 2727 445 2785; x_wconf 85' lang='lat' dir='ltr'><strong>fere</strong></span> <span class='ocrx_word' id='word_1_199' title='bbox 461 2725 685 2784; x_wconf 90' lang='lat' dir='ltr'><strong>memorandum</strong></span> <span class='ocrx_word' id='word_1_200' title='bbox 700 2727 829 2802; x_wconf 86' lang='lat' dir='ltr'><strong>videtur,</strong></span> <span class='ocrx_word' id='word_1_201' title='bbox 850 2727 909 2784; x_wconf 90' lang='lat' dir='ltr'><strong>nisi</strong></span> <span class='ocrx_word' id='word_1_202' title='bbox 925 2727 1117 2800; x_wconf 85' lang='lat' dir='ltr'><strong>frequentior</strong></span> <span class='ocrx_word' id='word_1_203' title='bbox 1131 2727 1269 2785; x_wconf 89' lang='lat' dir='ltr'><strong>neutrius</strong></span> 
     </span>
     <span class='ocr_line' id='line_1_24' title="bbox 162 2828 1270 2906; baseline 0.001 -19"><span class='ocrx_word' id='word_1_204' title='bbox 162 2830 282 2902; x_wconf 73' lang='lat' dir='ltr'><strong>generis</strong></span> <span class='ocrx_word' id='word_1_205' title='bbox 308 2847 379 2887; x_wconf 90' lang='lat' dir='ltr'><strong>usus</strong></span> <span class='ocrx_word' id='word_1_206' title='bbox 415 2830 453 2887; x_wconf 90' lang='lat' dir='ltr'><strong>ad</strong></span> <span class='ocrx_word' id='word_1_207' title='bbox 481 2828 626 2887; x_wconf 84' lang='lat' dir='ltr'><strong>Graecam</strong></span> <span class='ocrx_word' id='word_1_208' title='bbox 658 2830 908 2889; x_wconf 85' lang='lat' dir='ltr'><strong>consuetudinem</strong></span> <span class='ocrx_word' id='word_1_209' title='bbox 940 2830 1115 2889; x_wconf 85' lang='lat' dir='ltr'><strong>referendus</strong></span> <span class='ocrx_word' id='word_1_210' title='bbox 1147 2834 1207 2906; x_wconf 89' lang='lat' dir='ltr'><strong>est,</strong></span> <span class='ocrx_word' id='word_1_211' title='bbox 1239 2831 1270 2888; x_wconf 92' lang='lat' dir='ltr'><strong>id</strong></span> 
     </span>
     <span class='ocr_line' id='line_1_25' title="bbox 164 2930 1271 3007; baseline 0.005 -21"><span class='ocrx_word' id='word_1_212' title='bbox 164 2931 246 3003; x_wconf 90' lang='lat' dir='ltr'><strong>quod</strong></span> <span class='ocrx_word' id='word_1_213' title='bbox 261 2931 372 3006; x_wconf 91' lang='lat' dir='ltr'><strong>Poppo</strong></span> <span class='ocrx_word' id='word_1_214' title='bbox 388 2930 544 3004; x_wconf 83' lang='lat' dir='ltr'><strong>iudicavit,</strong></span> <span class='ocrx_word' id='word_1_215' title='bbox 566 2930 617 3006; x_wconf 92' lang='lat' dir='ltr'><strong>qui</strong></span> <span class='ocrx_word' id='word_1_216' title='bbox 638 2933 744 2990; x_wconf 86' lang='lat' dir='ltr'><strong>attulit</strong></span> <span class='ocrx_word' id='word_1_217' title='bbox 764 2932 864 2991; x_wconf 91' lang='lat' dir='ltr'><strong>locum</strong></span> <span class='ocrx_word' id='word_1_218' title='bbox 880 2932 947 2991; x_wconf 76' lang='lat' dir='ltr'><strong>Cat.</strong></span> <span class='ocrx_word' id='word_1_219' title='bbox 971 2937 996 3006; x_wconf 85' lang='lat'><strong>1,</strong></span> <span class='ocrx_word' id='word_1_220' title='bbox 1017 2935 1049 2992; x_wconf 79' lang='lat'><strong>2:</strong></span> <span class='ocrx_word' id='word_1_221' title='bbox 1071 2933 1143 3007; x_wconf 92' lang='lat' dir='ltr'><strong>„scd</strong></span> <span class='ocrx_word' id='word_1_222' title='bbox 1165 2940 1271 2992; x_wconf 91' lang='lat' dir='ltr'><strong>nostra</strong></span> 
     </span>
     <span class='ocr_line' id='line_1_26' title="bbox 164 3032 1269 3111; baseline 0.003 -21"><span class='ocrx_word' id='word_1_223' title='bbox 164 3032 261 3090; x_wconf 90' lang='lat' dir='ltr'><strong>omnis</strong></span> <span class='ocrx_word' id='word_1_224' title='bbox 282 3032 379 3089; x_wconf 90' lang='lat' dir='ltr'><strong>visin</strong></span> <span class='ocrx_word' id='word_1_225' title='bbox 401 3034 501 3092; x_wconf 89' lang='lat' dir='ltr'><strong>animo</strong></span> <span class='ocrx_word' id='word_1_226' title='bbox 523 3041 555 3092; x_wconf 90' lang='lat' dir='ltr'><strong>et</strong></span> <span class='ocrx_word' id='word_1_227' title='bbox 575 3053 703 3111; x_wconf 90' lang='lat' dir='ltr'><strong>corpore</strong></span> <span class='ocrx_word' id='word_1_228' title='bbox 728 3035 789 3092; x_wconf 89' lang='lat' dir='ltr'><strong>sita</strong></span> <span class='ocrx_word' id='word_1_229' title='bbox 809 3041 856 3095; x_wconf 87' lang='lat' dir='ltr'><strong>cst</strong></span> <span class='ocrx_word' id='word_1_230' title='bbox 880 3067 918 3076; x_wconf 97' lang='lat'>-</span> <span class='ocrx_word' id='word_1_231' title='bbox 943 3035 1072 3093; x_wconf 89' lang='lat' dir='ltr'><strong>alterum</strong></span> <span class='ocrx_word' id='word_1_232' title='bbox 1093 3036 1181 3094; x_wconf 91' lang='lat' dir='ltr'><strong>nobis</strong></span> <span class='ocrx_word' id='word_1_233' title='bbox 1203 3053 1269 3093; x_wconf 90' lang='lat' dir='ltr'><strong>cum</strong></span> 
     </span>
     <span class='ocr_line' id='line_1_27' title="bbox 163 3135 1271 3213; baseline 0.004 -19"><span class='ocrx_word' id='word_1_234' title='bbox 163 3135 220 3206; x_wconf 90' lang='lat' dir='ltr'><strong>dis,</strong></span> <span class='ocrx_word' id='word_1_235' title='bbox 235 3137 362 3194; x_wconf 89' lang='lat' dir='ltr'><strong>alt-erum</strong></span> <span class='ocrx_word' id='word_1_236' title='bbox 377 3154 444 3194; x_wconf 92' lang='lat' dir='ltr'><strong>cum</strong></span> <span class='ocrx_word' id='word_1_237' title='bbox 458 3136 568 3194; x_wconf 90' lang='lat' dir='ltr'><strong>belluis</strong></span> <span class='ocrx_word' id='word_1_238' title='bbox 584 3155 738 3196; x_wconf 88' lang='lat' dir='ltr'><strong>commune</strong></span> <span class='ocrx_word' id='word_1_239' title='bbox 758 3137 833 3195; x_wconf 85' lang='lat' dir='ltr'><strong>est“.</strong></span> <span class='ocrx_word' id='word_1_240' title='bbox 859 3136 983 3196; x_wconf 82' lang='lat' dir='ltr'><strong>Addere</strong></span> <span class='ocrx_word' id='word_1_241' title='bbox 997 3139 1102 3213; x_wconf 88' lang='lat' dir='ltr'><strong>potuit</strong></span> <span class='ocrx_word' id='word_1_242' title='bbox 1117 3139 1184 3198; x_wconf 80' lang='lat' dir='ltr'><strong>Cat.</strong></span> <span class='ocrx_word' id='word_1_243' title='bbox 1201 3143 1271 3213; x_wconf 83' lang='lat'><strong>1,6:</strong></span> 
     </span>
     <span class='ocr_line' id='line_1_28' title="bbox 164 3238 1272 3317; baseline 0.003 -20"><span class='ocrx_word' id='word_1_244' title='bbox 164 3240 233 3297; x_wconf 90' lang='lat' dir='ltr'><strong>vine</strong></span> <span class='ocrx_word' id='word_1_245' title='bbox 254 3239 394 3313; x_wconf 92' lang='lat' dir='ltr'><strong>corporis</strong></span> <span class='ocrx_word' id='word_1_246' title='bbox 415 3238 555 3314; x_wconf 87' lang='lat' dir='ltr'><strong>corporis</strong></span> <span class='ocrx_word' id='word_1_247' title='bbox 569 3257 607 3296; x_wconf 91' lang='lat' dir='ltr'><strong>an</strong></span> <span class='ocrx_word' id='word_1_248' title='bbox 628 3241 740 3298; x_wconf 88' lang='lat' dir='ltr'><strong>uirtute</strong></span> <span class='ocrx_word' id='word_1_249' title='bbox 762 3240 864 3299; x_wconf 89' lang='lat' dir='ltr'><strong>animi.</strong></span> <span class='ocrx_word' id='word_1_250' title='bbox 878 3273 915 3283; x_wconf 95' lang='lat'><em>-</em></span> <span class='ocrx_word' id='word_1_251' title='bbox 930 3242 979 3299; x_wconf 88' lang='lat' dir='ltr'><strong>Ita</strong></span> <span class='ocrx_word' id='word_1_252' title='bbox 1000 3248 1196 3316; x_wconf 90' lang='lat' dir='ltr'><strong>utrumque</strong></span> <span class='ocrx_word' id='word_1_253' title='bbox 1217 3259 1272 3317; x_wconf 91' lang='lat' dir='ltr'><strong>per</strong></span> 
     </span>
     <span class='ocr_line' id='line_1_29' title="bbox 165 3340 1271 3420; baseline 0.003 -20"><span class='ocrx_word' id='word_1_254' title='bbox 165 3359 195 3400; x_wconf 89' lang='lat' dir='ltr'><strong>se</strong></span> <span class='ocrx_word' id='word_1_255' title='bbox 229 3340 371 3414; x_wconf 86' lang='lat' dir='ltr'><strong>indigens</strong></span> <span class='ocrx_word' id='word_1_256' title='bbox 405 3341 535 3399; x_wconf 87' lang='lat' dir='ltr'><strong>alterum</strong></span> <span class='ocrx_word' id='word_1_257' title='bbox 568 3342 693 3400; x_wconf 88' lang='lat' dir='ltr'><strong>alterius</strong></span> <span class='ocrx_word' id='word_1_258' title='bbox 727 3341 843 3401; x_wconf 86' lang='lat' dir='ltr'><strong>auxilio</strong></span> <span class='ocrx_word' id='word_1_259' title='bbox 876 3347 956 3419; x_wconf 84' lang='lat' dir='ltr'><strong>eget.</strong></span> <span class='ocrx_word' id='word_1_260' title='bbox 1010 3343 1089 3402; x_wconf 88' lang='lat' dir='ltr'><strong>Sane</strong></span> <span class='ocrx_word' id='word_1_261' title='bbox 1119 3343 1271 3420; x_wconf 89' lang='lat' dir='ltr'><strong>peculiare</strong></span> 
     </span>
     <span class='ocr_line' id='line_1_30' title="bbox 164 3442 1270 3521; baseline 0.003 -20"><span class='ocrx_word' id='word_1_262' title='bbox 164 3442 312 3502; x_wconf 87' lang='lat' dir='ltr'><strong>Sallustio</strong></span> <span class='ocrx_word' id='word_1_263' title='bbox 334 3461 399 3502; x_wconf 88' lang='lat' dir='ltr'><strong>esse</strong></span> <span class='ocrx_word' id='word_1_264' title='bbox 423 3445 553 3520; x_wconf 84' lang='lat' dir='ltr'><strong>ridetur,</strong></span> <span class='ocrx_word' id='word_1_265' title='bbox 584 3448 722 3504; x_wconf 91' lang='lat' dir='ltr'><strong>neutrum</strong></span> <span class='ocrx_word' id='word_1_266' title='bbox 747 3465 843 3521; x_wconf 80' lang='lat' dir='ltr'><strong>genus</strong></span> <span class='ocrx_word' id='word_1_267' title='bbox 870 3448 908 3505; x_wconf 92' lang='lat' dir='ltr'><strong>ad</strong></span> <span class='ocrx_word' id='word_1_268' title='bbox 941 3448 1133 3506; x_wconf 86' lang='lat' dir='ltr'><strong>substantiva</strong></span> <span class='ocrx_word' id='word_1_269' title='bbox 1157 3448 1270 3506; x_wconf 88' lang='lat' dir='ltr'><strong>diversi</strong></span> 
     </span>
     <span class='ocr_line' id='line_1_31' title="bbox 162 3547 1269 3626; baseline 0.003 -21"><span class='ocrx_word' id='word_1_270' title='bbox 162 3547 283 3621; x_wconf 83' lang='lat' dir='ltr'><strong>generis</strong></span> <span class='ocrx_word' id='word_1_271' title='bbox 298 3548 418 3622; x_wconf 89' lang='lat' dir='ltr'><strong>referre,</strong></span> <span class='ocrx_word' id='word_1_272' title='bbox 439 3565 536 3621; x_wconf 86' lang='lat' dir='ltr'><strong>neque</strong></span> <span class='ocrx_word' id='word_1_273' title='bbox 556 3564 629 3605; x_wconf 84' lang='lat' dir='ltr'><strong>vero</strong></span> <span class='ocrx_word' id='word_1_274' title='bbox 651 3565 688 3606; x_wconf 89' lang='lat' dir='ltr'><strong>cx</strong></span> <span class='ocrx_word' id='word_1_275' title='bbox 708 3548 756 3606; x_wconf 90' lang='lat' dir='ltr'><strong>his</strong></span> <span class='ocrx_word' id='word_1_276' title='bbox 778 3550 907 3624; x_wconf 87' lang='lat' dir='ltr'><strong>singulis</strong></span> <span class='ocrx_word' id='word_1_277' title='bbox 922 3551 1069 3625; x_wconf 87' lang='lat' dir='ltr'><strong>exemplis</strong></span> <span class='ocrx_word' id='word_1_278' title='bbox 1092 3550 1144 3608; x_wconf 89' lang='lat' dir='ltr'><strong>sed</strong></span> <span class='ocrx_word' id='word_1_279' title='bbox 1165 3551 1269 3626; x_wconf 88' lang='lat' dir='ltr'><strong>potius</strong></span> 
     </span>
     <span class='ocr_line' id='line_1_32' title="bbox 162 3649 1269 3729; baseline 0.005 -23"><span class='ocrx_word' id='word_1_280' title='bbox 162 3666 200 3706; x_wconf 88' lang='lat' dir='ltr'><strong>ex</strong></span> <span class='ocrx_word' id='word_1_281' title='bbox 235 3654 304 3706; x_wconf 88' lang='lat' dir='ltr'><strong>tota</strong></span> <span class='ocrx_word' id='word_1_282' title='bbox 338 3649 457 3706; x_wconf 91' lang='lat' dir='ltr'><strong>ratione</strong></span> <span class='ocrx_word' id='word_1_283' title='bbox 493 3649 599 3707; x_wconf 85' lang='lat' dir='ltr'><strong>utendi</strong></span> <span class='ocrx_word' id='word_1_284' title='bbox 636 3657 744 3709; x_wconf 88' lang='lat' dir='ltr'><strong>neutro</strong></span> <span class='ocrx_word' id='word_1_285' title='bbox 785 3671 895 3727; x_wconf 78' lang='lat' dir='ltr'><strong>genere</strong></span> <span class='ocrx_word' id='word_1_286' title='bbox 929 3654 1122 3728; x_wconf 88' lang='lat' dir='ltr'><strong>comprobari</strong></span> <span class='ocrx_word' id='word_1_287' title='bbox 1156 3659 1269 3729; x_wconf 90' lang='lat' dir='ltr'><strong>potest,</strong></span> 
     </span>
     <span class='ocr_line' id='line_1_33' title="bbox 164 3748 1269 3832; baseline 0.006 -24"><span class='ocrx_word' id='word_1_288' title='bbox 164 3750 333 3808; x_wconf 90' lang='lat' dir='ltr'><strong>orationem</strong></span> <span class='ocrx_word' id='word_1_289' title='bbox 361 3748 577 3809; x_wconf 82' lang='lat' dir='ltr'><strong>Sallustianam</strong></span> <span class='ocrx_word' id='word_1_290' title='bbox 607 3751 663 3810; x_wconf 93' lang='lat' dir='ltr'><strong>hac</strong></span> <span class='ocrx_word' id='word_1_291' title='bbox 692 3753 724 3810; x_wconf 93' lang='lat' dir='ltr'><strong>in</strong></span> <span class='ocrx_word' id='word_1_292' title='bbox 755 3772 787 3812; x_wconf 92' lang='lat' dir='ltr'><strong>re</strong></span> <span class='ocrx_word' id='word_1_293' title='bbox 818 3753 856 3811; x_wconf 91' lang='lat' dir='ltr'><strong>ad</strong></span> <span class='ocrx_word' id='word_1_294' title='bbox 884 3753 1068 3814; x_wconf 82' lang='lat' dir='ltr'><strong>Graecorum</strong></span> <span class='ocrx_word' id='word_1_295' title='bbox 1099 3757 1269 3832; x_wconf 90' lang='lat' dir='ltr'><strong>exemplum</strong></span> 
     </span>
     <span class='ocr_line' id='line_1_34' title="bbox 164 3852 1269 3936; baseline 0.009 -27"><span class='ocrx_word' id='word_1_296' title='bbox 164 3852 382 3911; x_wconf 88' lang='lat' dir='ltr'><strong>conformatam</strong></span> <span class='ocrx_word' id='word_1_297' title='bbox 403 3870 477 3911; x_wconf 91' lang='lat' dir='ltr'><strong>esse.</strong></span> <span class='ocrx_word' id='word_1_298' title='bbox 512 3855 655 3929; x_wconf 90' lang='lat' dir='ltr'><strong>Inprimis</strong></span> <span class='ocrx_word' id='word_1_299' title='bbox 676 3856 826 3915; x_wconf 87' lang='lat' dir='ltr'><strong>adiectiva</strong></span> <span class='ocrx_word' id='word_1_300' title='bbox 846 3863 877 3916; x_wconf 85' lang='lat' dir='ltr'><strong>et</strong></span> <span class='ocrx_word' id='word_1_301' title='bbox 890 3858 1057 3933; x_wconf 88' lang='lat' dir='ltr'><strong>participia</strong></span> <span class='ocrx_word' id='word_1_302' title='bbox 1078 3858 1137 3916; x_wconf 90' lang='lat' dir='ltr'><strong>hoc</strong></span> <span class='ocrx_word' id='word_1_303' title='bbox 1158 3878 1269 3936; x_wconf 86' lang='lat' dir='ltr'><strong>genere</strong></span> 
     </span>
     <span class='ocr_line' id='line_1_35' title="bbox 163 3955 1268 4037; baseline 0.005 -23"><span class='ocrx_word' id='word_1_304' title='bbox 163 3955 267 4031; x_wconf 89' lang='lat' dir='ltr'><strong>posita</strong></span> <span class='ocrx_word' id='word_1_305' title='bbox 286 3955 345 4012; x_wconf 91' lang='lat' dir='ltr'><strong>huc</strong></span> <span class='ocrx_word' id='word_1_306' title='bbox 364 3956 530 4031; x_wconf 88' lang='lat' dir='ltr'><strong>pertinent,</strong></span> <span class='ocrx_word' id='word_1_307' title='bbox 560 3975 636 4032; x_wconf 90' lang='lat' dir='ltr'><strong>quae</strong></span> <span class='ocrx_word' id='word_1_308' title='bbox 664 3977 729 4016; x_wconf 90' lang='lat' dir='ltr'><strong>cum</strong></span> <span class='ocrx_word' id='word_1_309' title='bbox 751 3960 923 4017; x_wconf 88' lang='lat' dir='ltr'><strong>nominibus</strong></span> <span class='ocrx_word' id='word_1_310' title='bbox 948 3961 1039 4019; x_wconf 89' lang='lat' dir='ltr'><strong>ctiam</strong></span> <span class='ocrx_word' id='word_1_311' title='bbox 1060 3961 1197 4020; x_wconf 89' lang='lat' dir='ltr'><strong>feminini</strong></span> <span class='ocrx_word' id='word_1_312' title='bbox 1218 3979 1268 4037; x_wconf 83' lang='lat' dir='ltr'><strong>ge·</strong></span> 
     </span>
     <span class='ocr_line' id='line_1_36' title="bbox 164 4055 1268 4141; baseline 0.007 -26"><span class='ocrx_word' id='word_1_313' title='bbox 164 4057 244 4116; x_wconf 88' lang='lat' dir='ltr'><strong>neris</strong></span> <span class='ocrx_word' id='word_1_314' title='bbox 265 4055 430 4117; x_wconf 85' lang='lat' dir='ltr'><strong>Sallustius</strong></span> <span class='ocrx_word' id='word_1_315' title='bbox 451 4060 618 4136; x_wconf 81' lang='lat' dir='ltr'><strong>coniungit.</strong></span> <span class='ocrx_word' id='word_1_316' title='bbox 652 4061 736 4134; x_wconf 77' lang='lat' dir='ltr'><strong>Quae</strong></span> <span class='ocrx_word' id='word_1_317' title='bbox 757 4069 910 4121; x_wconf 87' lang='lat' dir='ltr'><strong>structura</strong></span> <span class='ocrx_word' id='word_1_318' title='bbox 930 4070 1011 4122; x_wconf 89' lang='lat' dir='ltr'><strong>certe</strong></span> <span class='ocrx_word' id='word_1_319' title='bbox 1032 4065 1129 4141; x_wconf 86' lang='lat' dir='ltr'><strong>magis</strong></span> <span class='ocrx_word' id='word_1_320' title='bbox 1151 4064 1268 4123; x_wconf 81' lang='lat' dir='ltr'><strong>Graeca</strong></span> 
     </span>
     <span class='ocr_line' id='line_1_37' title="bbox 164 4164 1269 4244; baseline 0.004 -22"><span class='ocrx_word' id='word_1_321' title='bbox 164 4167 219 4238; x_wconf 88' lang='lat' dir='ltr'><strong>cst,</strong></span> <span class='ocrx_word' id='word_1_322' title='bbox 240 4179 308 4222; x_wconf 87' lang='lat' dir='ltr'><strong>nam</strong></span> <span class='ocrx_word' id='word_1_323' title='bbox 322 4164 457 4244; x_wconf 86' lang='lat' dir='ltr'><strong>regulam</strong></span> <span class='ocrx_word' id='word_1_324' title='bbox 471 4181 535 4224; x_wconf 87' lang='lat' dir='ltr'><strong>esse</strong></span> <span class='ocrx_word' id='word_1_325' title='bbox 547 4168 671 4226; x_wconf 87' lang='lat' dir='ltr'><strong>constat</strong></span> <span class='ocrx_word' id='word_1_326' title='bbox 690 4166 771 4244; x_wconf 88' lang='lat' dir='ltr'><strong>apud</strong></span> <span class='ocrx_word' id='word_1_327' title='bbox 785 4165 916 4224; x_wconf 87' lang='lat' dir='ltr'><strong>Latinos</strong></span> <span class='ocrx_word' id='word_1_328' title='bbox 931 4171 974 4242; x_wconf 92' lang='lat' dir='ltr'><strong>nt,</strong></span> <span class='ocrx_word' id='word_1_329' title='bbox 996 4168 1022 4225; x_wconf 90' lang='lat' dir='ltr'><strong>si</strong></span> <span class='ocrx_word' id='word_1_330' title='bbox 1041 4168 1131 4243; x_wconf 88' lang='lat' dir='ltr'><strong>plura</strong></span> <span class='ocrx_word' id='word_1_331' title='bbox 1146 4167 1269 4226; x_wconf 87' lang='lat' dir='ltr'><strong>nomina</strong></span> 
     </span>
    </p>
   </div>
   <div class='ocr_carea' id='block_1_3' title="bbox 0 0 1452 4704">
    <p class='ocr_par' dir='ltr' id='par_1_5' title="bbox 0 0 1452 4704">
     <span class='ocr_line' id='line_1_38' title="bbox 0 0 1452 4704; baseline 0 0"><span class='ocrx_word' id='word_1_332' title='bbox 0 0 1452 4704; x_wconf 95' lang='lat' dir='ltr'><strong> </strong></span> 
     </span>
    </p>
   </div>
  </div>
 </body>
</html>
